%YAML 1.1
%TAG !u! tag:unity3d.com,2011:
--- !u!29 &1
OcclusionCullingSettings:
  m_ObjectHideFlags: 0
  serializedVersion: 2
  m_OcclusionBakeSettings:
    smallestOccluder: 5
    smallestHole: 0.25
    backfaceThreshold: 100
  m_SceneGUID: 00000000000000000000000000000000
  m_OcclusionCullingData: {fileID: 0}
--- !u!104 &2
RenderSettings:
  m_ObjectHideFlags: 0
  serializedVersion: 9
  m_Fog: 0
  m_FogColor: {r: 0.5, g: 0.5, b: 0.5, a: 1}
  m_FogMode: 3
  m_FogDensity: 0.01
  m_LinearFogStart: 0
  m_LinearFogEnd: 300
  m_AmbientSkyColor: {r: 0.212, g: 0.227, b: 0.259, a: 1}
  m_AmbientEquatorColor: {r: 0.114, g: 0.125, b: 0.133, a: 1}
  m_AmbientGroundColor: {r: 0.047, g: 0.043, b: 0.035, a: 1}
  m_AmbientIntensity: 1
  m_AmbientMode: 3
  m_SubtractiveShadowColor: {r: 0.42, g: 0.478, b: 0.627, a: 1}
  m_SkyboxMaterial: {fileID: 0}
  m_HaloStrength: 0.5
  m_FlareStrength: 1
  m_FlareFadeSpeed: 3
  m_HaloTexture: {fileID: 0}
  m_SpotCookie: {fileID: 10001, guid: 0000000000000000e000000000000000, type: 0}
  m_DefaultReflectionMode: 0
  m_DefaultReflectionResolution: 128
  m_ReflectionBounces: 1
  m_ReflectionIntensity: 1
  m_CustomReflection: {fileID: 0}
  m_Sun: {fileID: 0}
  m_IndirectSpecularColor: {r: 0, g: 0, b: 0, a: 1}
  m_UseRadianceAmbientProbe: 0
--- !u!157 &3
LightmapSettings:
  m_ObjectHideFlags: 0
  serializedVersion: 11
  m_GIWorkflowMode: 1
  m_GISettings:
    serializedVersion: 2
    m_BounceScale: 1
    m_IndirectOutputScale: 1
    m_AlbedoBoost: 1
    m_EnvironmentLightingMode: 0
    m_EnableBakedLightmaps: 0
    m_EnableRealtimeLightmaps: 0
  m_LightmapEditorSettings:
    serializedVersion: 12
    m_Resolution: 2
    m_BakeResolution: 40
    m_AtlasSize: 1024
    m_AO: 0
    m_AOMaxDistance: 1
    m_CompAOExponent: 1
    m_CompAOExponentDirect: 0
    m_ExtractAmbientOcclusion: 0
    m_Padding: 2
    m_LightmapParameters: {fileID: 0}
    m_LightmapsBakeMode: 1
    m_TextureCompression: 1
    m_FinalGather: 0
    m_FinalGatherFiltering: 1
    m_FinalGatherRayCount: 256
    m_ReflectionCompression: 2
    m_MixedBakeMode: 2
    m_BakeBackend: 1
    m_PVRSampling: 1
    m_PVRDirectSampleCount: 32
    m_PVRSampleCount: 512
    m_PVRBounces: 2
    m_PVREnvironmentSampleCount: 256
    m_PVREnvironmentReferencePointCount: 2048
    m_PVRFilteringMode: 1
    m_PVRDenoiserTypeDirect: 1
    m_PVRDenoiserTypeIndirect: 1
    m_PVRDenoiserTypeAO: 1
    m_PVRFilterTypeDirect: 0
    m_PVRFilterTypeIndirect: 0
    m_PVRFilterTypeAO: 0
    m_PVREnvironmentMIS: 1
    m_PVRCulling: 1
    m_PVRFilteringGaussRadiusDirect: 1
    m_PVRFilteringGaussRadiusIndirect: 5
    m_PVRFilteringGaussRadiusAO: 2
    m_PVRFilteringAtrousPositionSigmaDirect: 0.5
    m_PVRFilteringAtrousPositionSigmaIndirect: 2
    m_PVRFilteringAtrousPositionSigmaAO: 1
    m_ExportTrainingData: 0
    m_TrainingDataDestination: TrainingData
  m_LightingDataAsset: {fileID: 0}
  m_UseShadowmask: 1
--- !u!196 &4
NavMeshSettings:
  serializedVersion: 2
  m_ObjectHideFlags: 0
  m_BuildSettings:
    serializedVersion: 2
    agentTypeID: 0
    agentRadius: 0.5
    agentHeight: 2
    agentSlope: 45
    agentClimb: 0.4
    ledgeDropHeight: 0
    maxJumpAcrossDistance: 0
    minRegionArea: 2
    manualCellSize: 0
    cellSize: 0.16666667
    manualTileSize: 0
    tileSize: 256
    accuratePlacement: 0
    debug:
      m_Flags: 0
  m_NavMeshData: {fileID: 0}
--- !u!1001 &302132607
PrefabInstance:
  m_ObjectHideFlags: 0
  serializedVersion: 2
  m_Modification:
    m_TransformParent: {fileID: 0}
    m_Modifications:
    - target: {fileID: 843818869, guid: 0031d2dbfe9dd014cbdd90c83ac0e28a, type: 3}
      propertyPath: currentNoDialogue
      value: 4
      objectReference: {fileID: 0}
    - target: {fileID: 843818871, guid: 0031d2dbfe9dd014cbdd90c83ac0e28a, type: 3}
      propertyPath: currentQuest
      value: 1
      objectReference: {fileID: 0}
    - target: {fileID: 3173499886821625130, guid: 0031d2dbfe9dd014cbdd90c83ac0e28a,
        type: 3}
      propertyPath: m_LocalPosition.x
      value: 0
      objectReference: {fileID: 0}
    - target: {fileID: 3173499886821625130, guid: 0031d2dbfe9dd014cbdd90c83ac0e28a,
        type: 3}
      propertyPath: m_LocalPosition.y
      value: 0
      objectReference: {fileID: 0}
    - target: {fileID: 3173499886821625130, guid: 0031d2dbfe9dd014cbdd90c83ac0e28a,
        type: 3}
      propertyPath: m_LocalPosition.z
      value: 0
      objectReference: {fileID: 0}
    - target: {fileID: 3173499886821625130, guid: 0031d2dbfe9dd014cbdd90c83ac0e28a,
        type: 3}
      propertyPath: m_LocalRotation.x
      value: 0
      objectReference: {fileID: 0}
    - target: {fileID: 3173499886821625130, guid: 0031d2dbfe9dd014cbdd90c83ac0e28a,
        type: 3}
      propertyPath: m_LocalRotation.y
      value: 0
      objectReference: {fileID: 0}
    - target: {fileID: 3173499886821625130, guid: 0031d2dbfe9dd014cbdd90c83ac0e28a,
        type: 3}
      propertyPath: m_LocalRotation.z
      value: 0
      objectReference: {fileID: 0}
    - target: {fileID: 3173499886821625130, guid: 0031d2dbfe9dd014cbdd90c83ac0e28a,
        type: 3}
      propertyPath: m_LocalRotation.w
      value: 1
      objectReference: {fileID: 0}
    - target: {fileID: 3173499886821625130, guid: 0031d2dbfe9dd014cbdd90c83ac0e28a,
        type: 3}
      propertyPath: m_RootOrder
      value: 5
      objectReference: {fileID: 0}
    - target: {fileID: 3173499886821625130, guid: 0031d2dbfe9dd014cbdd90c83ac0e28a,
        type: 3}
      propertyPath: m_LocalEulerAnglesHint.x
      value: 0
      objectReference: {fileID: 0}
    - target: {fileID: 3173499886821625130, guid: 0031d2dbfe9dd014cbdd90c83ac0e28a,
        type: 3}
      propertyPath: m_LocalEulerAnglesHint.y
      value: 0
      objectReference: {fileID: 0}
    - target: {fileID: 3173499886821625130, guid: 0031d2dbfe9dd014cbdd90c83ac0e28a,
        type: 3}
      propertyPath: m_LocalEulerAnglesHint.z
      value: 0
      objectReference: {fileID: 0}
    - target: {fileID: 3173499886821625132, guid: 0031d2dbfe9dd014cbdd90c83ac0e28a,
        type: 3}
      propertyPath: m_Name
      value: GameManager
      objectReference: {fileID: 0}
    m_RemovedComponents: []
  m_SourcePrefab: {fileID: 100100000, guid: 0031d2dbfe9dd014cbdd90c83ac0e28a, type: 3}
--- !u!1001 &498948975
PrefabInstance:
  m_ObjectHideFlags: 0
  serializedVersion: 2
  m_Modification:
    m_TransformParent: {fileID: 0}
    m_Modifications:
    - target: {fileID: 7645957754797439777, guid: 0cbe4d3c762837e41a96722cb2162aa9,
        type: 3}
      propertyPath: m_Name
      value: Vivian
      objectReference: {fileID: 0}
    - target: {fileID: 7645957754797439802, guid: 0cbe4d3c762837e41a96722cb2162aa9,
        type: 3}
      propertyPath: m_LocalPosition.x
      value: -2.341
      objectReference: {fileID: 0}
    - target: {fileID: 7645957754797439802, guid: 0cbe4d3c762837e41a96722cb2162aa9,
        type: 3}
      propertyPath: m_LocalPosition.y
      value: 3.211
      objectReference: {fileID: 0}
    - target: {fileID: 7645957754797439802, guid: 0cbe4d3c762837e41a96722cb2162aa9,
        type: 3}
      propertyPath: m_LocalPosition.z
      value: 0
      objectReference: {fileID: 0}
    - target: {fileID: 7645957754797439802, guid: 0cbe4d3c762837e41a96722cb2162aa9,
        type: 3}
      propertyPath: m_LocalRotation.x
      value: 0
      objectReference: {fileID: 0}
    - target: {fileID: 7645957754797439802, guid: 0cbe4d3c762837e41a96722cb2162aa9,
        type: 3}
      propertyPath: m_LocalRotation.y
      value: 0
      objectReference: {fileID: 0}
    - target: {fileID: 7645957754797439802, guid: 0cbe4d3c762837e41a96722cb2162aa9,
        type: 3}
      propertyPath: m_LocalRotation.z
      value: 0
      objectReference: {fileID: 0}
    - target: {fileID: 7645957754797439802, guid: 0cbe4d3c762837e41a96722cb2162aa9,
        type: 3}
      propertyPath: m_LocalRotation.w
      value: 1
      objectReference: {fileID: 0}
    - target: {fileID: 7645957754797439802, guid: 0cbe4d3c762837e41a96722cb2162aa9,
        type: 3}
      propertyPath: m_RootOrder
      value: 3
      objectReference: {fileID: 0}
    - target: {fileID: 7645957754797439802, guid: 0cbe4d3c762837e41a96722cb2162aa9,
        type: 3}
      propertyPath: m_LocalEulerAnglesHint.x
      value: 0
      objectReference: {fileID: 0}
    - target: {fileID: 7645957754797439802, guid: 0cbe4d3c762837e41a96722cb2162aa9,
        type: 3}
      propertyPath: m_LocalEulerAnglesHint.y
      value: 0
      objectReference: {fileID: 0}
    - target: {fileID: 7645957754797439802, guid: 0cbe4d3c762837e41a96722cb2162aa9,
        type: 3}
      propertyPath: m_LocalEulerAnglesHint.z
      value: 0
      objectReference: {fileID: 0}
    m_RemovedComponents: []
  m_SourcePrefab: {fileID: 100100000, guid: 0cbe4d3c762837e41a96722cb2162aa9, type: 3}
--- !u!1 &498948976 stripped
GameObject:
  m_CorrespondingSourceObject: {fileID: 7645957754797439777, guid: 0cbe4d3c762837e41a96722cb2162aa9,
    type: 3}
  m_PrefabInstance: {fileID: 498948975}
  m_PrefabAsset: {fileID: 0}
--- !u!58 &498948977
CircleCollider2D:
  m_ObjectHideFlags: 0
  m_CorrespondingSourceObject: {fileID: 0}
  m_PrefabInstance: {fileID: 0}
  m_PrefabAsset: {fileID: 0}
  m_GameObject: {fileID: 498948976}
  m_Enabled: 1
  m_Density: 1
  m_Material: {fileID: 0}
  m_IsTrigger: 1
  m_UsedByEffector: 0
  m_UsedByComposite: 0
  m_Offset: {x: -0.7202332, y: -0.22}
  serializedVersion: 2
  m_Radius: 0.40424943
--- !u!1001 &622060184
PrefabInstance:
  m_ObjectHideFlags: 0
  serializedVersion: 2
  m_Modification:
    m_TransformParent: {fileID: 0}
    m_Modifications:
    - target: {fileID: 4679767984412601446, guid: bf6b2d305187f1d4685cbdc21b3c677d,
        type: 3}
      propertyPath: m_LocalPosition.x
      value: -2.5458708
      objectReference: {fileID: 0}
    - target: {fileID: 4679767984412601446, guid: bf6b2d305187f1d4685cbdc21b3c677d,
        type: 3}
      propertyPath: m_LocalPosition.y
      value: 1.3253299
      objectReference: {fileID: 0}
    - target: {fileID: 4679767984412601446, guid: bf6b2d305187f1d4685cbdc21b3c677d,
        type: 3}
      propertyPath: m_LocalPosition.z
      value: 0
      objectReference: {fileID: 0}
    - target: {fileID: 4679767984412601446, guid: bf6b2d305187f1d4685cbdc21b3c677d,
        type: 3}
      propertyPath: m_LocalRotation.x
      value: 0
      objectReference: {fileID: 0}
    - target: {fileID: 4679767984412601446, guid: bf6b2d305187f1d4685cbdc21b3c677d,
        type: 3}
      propertyPath: m_LocalRotation.y
      value: 0
      objectReference: {fileID: 0}
    - target: {fileID: 4679767984412601446, guid: bf6b2d305187f1d4685cbdc21b3c677d,
        type: 3}
      propertyPath: m_LocalRotation.z
      value: 0
      objectReference: {fileID: 0}
    - target: {fileID: 4679767984412601446, guid: bf6b2d305187f1d4685cbdc21b3c677d,
        type: 3}
      propertyPath: m_LocalRotation.w
      value: 1
      objectReference: {fileID: 0}
    - target: {fileID: 4679767984412601446, guid: bf6b2d305187f1d4685cbdc21b3c677d,
        type: 3}
      propertyPath: m_RootOrder
      value: 1
      objectReference: {fileID: 0}
    - target: {fileID: 4679767984412601446, guid: bf6b2d305187f1d4685cbdc21b3c677d,
        type: 3}
      propertyPath: m_LocalEulerAnglesHint.x
      value: 0
      objectReference: {fileID: 0}
    - target: {fileID: 4679767984412601446, guid: bf6b2d305187f1d4685cbdc21b3c677d,
        type: 3}
      propertyPath: m_LocalEulerAnglesHint.y
      value: 0
      objectReference: {fileID: 0}
    - target: {fileID: 4679767984412601446, guid: bf6b2d305187f1d4685cbdc21b3c677d,
        type: 3}
      propertyPath: m_LocalEulerAnglesHint.z
      value: 0
      objectReference: {fileID: 0}
    - target: {fileID: 4679767984412601469, guid: bf6b2d305187f1d4685cbdc21b3c677d,
        type: 3}
      propertyPath: m_Name
      value: Blair
      objectReference: {fileID: 0}
    m_RemovedComponents: []
  m_SourcePrefab: {fileID: 100100000, guid: bf6b2d305187f1d4685cbdc21b3c677d, type: 3}
--- !u!1 &749741629
GameObject:
  m_ObjectHideFlags: 0
  m_CorrespondingSourceObject: {fileID: 0}
  m_PrefabInstance: {fileID: 0}
  m_PrefabAsset: {fileID: 0}
  serializedVersion: 6
  m_Component:
  - component: {fileID: 749741631}
  - component: {fileID: 749741630}
  m_Layer: 0
  m_Name: SpawnPt
  m_TagString: Untagged
  m_Icon: {fileID: 7422848464349959988, guid: 0000000000000000d000000000000000, type: 0}
  m_NavMeshLayer: 0
  m_StaticEditorFlags: 0
  m_IsActive: 1
--- !u!114 &749741630
MonoBehaviour:
  m_ObjectHideFlags: 0
  m_CorrespondingSourceObject: {fileID: 0}
  m_PrefabInstance: {fileID: 0}
  m_PrefabAsset: {fileID: 0}
  m_GameObject: {fileID: 749741629}
  m_Enabled: 1
  m_EditorHideFlags: 0
  m_Script: {fileID: 11500000, guid: 42da1a03e5e2f8347a466d62faf23a7c, type: 3}
  m_Name: 
  m_EditorClassIdentifier: 
  position_Name: 03.1 HospitalEx
  position_default: 1
--- !u!4 &749741631
Transform:
  m_ObjectHideFlags: 0
  m_CorrespondingSourceObject: {fileID: 0}
  m_PrefabInstance: {fileID: 0}
  m_PrefabAsset: {fileID: 0}
  m_GameObject: {fileID: 749741629}
  m_LocalRotation: {x: 0, y: 0, z: 0, w: 1}
  m_LocalPosition: {x: -3.59, y: 3.04, z: 0}
  m_LocalScale: {x: 1, y: 1, z: 1}
  m_Children: []
  m_Father: {fileID: 0}
  m_RootOrder: 7
  m_LocalEulerAnglesHint: {x: 0, y: 0, z: 0}
--- !u!1 &1154980528
GameObject:
  m_ObjectHideFlags: 0
  m_CorrespondingSourceObject: {fileID: 0}
  m_PrefabInstance: {fileID: 0}
  m_PrefabAsset: {fileID: 0}
  serializedVersion: 6
  m_Component:
  - component: {fileID: 1154980531}
  - component: {fileID: 1154980530}
  - component: {fileID: 1154980529}
  m_Layer: 0
  m_Name: EventSystem
  m_TagString: Untagged
  m_Icon: {fileID: 0}
  m_NavMeshLayer: 0
  m_StaticEditorFlags: 0
  m_IsActive: 1
--- !u!114 &1154980529
MonoBehaviour:
  m_ObjectHideFlags: 0
  m_CorrespondingSourceObject: {fileID: 0}
  m_PrefabInstance: {fileID: 0}
  m_PrefabAsset: {fileID: 0}
  m_GameObject: {fileID: 1154980528}
  m_Enabled: 1
  m_EditorHideFlags: 0
  m_Script: {fileID: 11500000, guid: 4f231c4fb786f3946a6b90b886c48677, type: 3}
  m_Name: 
  m_EditorClassIdentifier: 
  m_HorizontalAxis: Horizontal
  m_VerticalAxis: Vertical
  m_SubmitButton: Submit
  m_CancelButton: Cancel
  m_InputActionsPerSecond: 10
  m_RepeatDelay: 0.5
  m_ForceModuleActive: 0
--- !u!114 &1154980530
MonoBehaviour:
  m_ObjectHideFlags: 0
  m_CorrespondingSourceObject: {fileID: 0}
  m_PrefabInstance: {fileID: 0}
  m_PrefabAsset: {fileID: 0}
  m_GameObject: {fileID: 1154980528}
  m_Enabled: 1
  m_EditorHideFlags: 0
  m_Script: {fileID: 11500000, guid: 76c392e42b5098c458856cdf6ecaaaa1, type: 3}
  m_Name: 
  m_EditorClassIdentifier: 
  m_FirstSelected: {fileID: 0}
  m_sendNavigationEvents: 1
  m_DragThreshold: 10
--- !u!4 &1154980531
Transform:
  m_ObjectHideFlags: 0
  m_CorrespondingSourceObject: {fileID: 0}
  m_PrefabInstance: {fileID: 0}
  m_PrefabAsset: {fileID: 0}
  m_GameObject: {fileID: 1154980528}
  m_LocalRotation: {x: 0, y: 0, z: 0, w: 1}
  m_LocalPosition: {x: 0, y: 0, z: 0}
  m_LocalScale: {x: 1, y: 1, z: 1}
  m_Children: []
  m_Father: {fileID: 0}
  m_RootOrder: 8
  m_LocalEulerAnglesHint: {x: 0, y: 0, z: 0}
--- !u!1001 &1170136960
PrefabInstance:
  m_ObjectHideFlags: 0
  serializedVersion: 2
  m_Modification:
    m_TransformParent: {fileID: 0}
    m_Modifications:
    - target: {fileID: 957639736, guid: b33569cce1853fa41b9d0f1fde8f2be3, type: 3}
      propertyPath: m_Material
      value: 
      objectReference: {fileID: 0}
    - target: {fileID: 957639736, guid: b33569cce1853fa41b9d0f1fde8f2be3, type: 3}
      propertyPath: m_sharedMaterial
      value: 
      objectReference: {fileID: 0}
    - target: {fileID: 2012129978394192981, guid: b33569cce1853fa41b9d0f1fde8f2be3,
        type: 3}
      propertyPath: m_LocalPosition.x
      value: 0
      objectReference: {fileID: 0}
    - target: {fileID: 2012129978394192981, guid: b33569cce1853fa41b9d0f1fde8f2be3,
        type: 3}
      propertyPath: m_LocalPosition.y
      value: 0
      objectReference: {fileID: 0}
    - target: {fileID: 2012129978394192981, guid: b33569cce1853fa41b9d0f1fde8f2be3,
        type: 3}
      propertyPath: m_LocalPosition.z
      value: 0
      objectReference: {fileID: 0}
    - target: {fileID: 2012129978394192981, guid: b33569cce1853fa41b9d0f1fde8f2be3,
        type: 3}
      propertyPath: m_LocalRotation.x
      value: 0
      objectReference: {fileID: 0}
    - target: {fileID: 2012129978394192981, guid: b33569cce1853fa41b9d0f1fde8f2be3,
        type: 3}
      propertyPath: m_LocalRotation.y
      value: 0
      objectReference: {fileID: 0}
    - target: {fileID: 2012129978394192981, guid: b33569cce1853fa41b9d0f1fde8f2be3,
        type: 3}
      propertyPath: m_LocalRotation.z
      value: 0
      objectReference: {fileID: 0}
    - target: {fileID: 2012129978394192981, guid: b33569cce1853fa41b9d0f1fde8f2be3,
        type: 3}
      propertyPath: m_LocalRotation.w
      value: 1
      objectReference: {fileID: 0}
    - target: {fileID: 2012129978394192981, guid: b33569cce1853fa41b9d0f1fde8f2be3,
        type: 3}
      propertyPath: m_RootOrder
      value: 6
      objectReference: {fileID: 0}
    - target: {fileID: 2012129978394192981, guid: b33569cce1853fa41b9d0f1fde8f2be3,
        type: 3}
      propertyPath: m_LocalEulerAnglesHint.x
      value: 0
      objectReference: {fileID: 0}
    - target: {fileID: 2012129978394192981, guid: b33569cce1853fa41b9d0f1fde8f2be3,
        type: 3}
      propertyPath: m_LocalEulerAnglesHint.y
      value: 0
      objectReference: {fileID: 0}
    - target: {fileID: 2012129978394192981, guid: b33569cce1853fa41b9d0f1fde8f2be3,
        type: 3}
      propertyPath: m_LocalEulerAnglesHint.z
      value: 0
      objectReference: {fileID: 0}
    - target: {fileID: 2012129978394192981, guid: b33569cce1853fa41b9d0f1fde8f2be3,
        type: 3}
      propertyPath: m_AnchoredPosition.x
      value: 0
      objectReference: {fileID: 0}
    - target: {fileID: 2012129978394192981, guid: b33569cce1853fa41b9d0f1fde8f2be3,
        type: 3}
      propertyPath: m_AnchoredPosition.y
      value: 0
      objectReference: {fileID: 0}
    - target: {fileID: 2012129978394192981, guid: b33569cce1853fa41b9d0f1fde8f2be3,
        type: 3}
      propertyPath: m_SizeDelta.x
      value: 0
      objectReference: {fileID: 0}
    - target: {fileID: 2012129978394192981, guid: b33569cce1853fa41b9d0f1fde8f2be3,
        type: 3}
      propertyPath: m_SizeDelta.y
      value: 0
      objectReference: {fileID: 0}
    - target: {fileID: 2012129978394192981, guid: b33569cce1853fa41b9d0f1fde8f2be3,
        type: 3}
      propertyPath: m_AnchorMin.x
      value: 0
      objectReference: {fileID: 0}
    - target: {fileID: 2012129978394192981, guid: b33569cce1853fa41b9d0f1fde8f2be3,
        type: 3}
      propertyPath: m_AnchorMin.y
      value: 0
      objectReference: {fileID: 0}
    - target: {fileID: 2012129978394192981, guid: b33569cce1853fa41b9d0f1fde8f2be3,
        type: 3}
      propertyPath: m_AnchorMax.x
      value: 0
      objectReference: {fileID: 0}
    - target: {fileID: 2012129978394192981, guid: b33569cce1853fa41b9d0f1fde8f2be3,
        type: 3}
      propertyPath: m_AnchorMax.y
      value: 0
      objectReference: {fileID: 0}
    - target: {fileID: 2012129978394192981, guid: b33569cce1853fa41b9d0f1fde8f2be3,
        type: 3}
      propertyPath: m_Pivot.x
      value: 0
      objectReference: {fileID: 0}
    - target: {fileID: 2012129978394192981, guid: b33569cce1853fa41b9d0f1fde8f2be3,
        type: 3}
      propertyPath: m_Pivot.y
      value: 0
      objectReference: {fileID: 0}
    - target: {fileID: 2012129978394193006, guid: b33569cce1853fa41b9d0f1fde8f2be3,
        type: 3}
      propertyPath: m_Name
      value: UIGamePlay
      objectReference: {fileID: 0}
    m_RemovedComponents: []
  m_SourcePrefab: {fileID: 100100000, guid: b33569cce1853fa41b9d0f1fde8f2be3, type: 3}
--- !u!1001 &1179809360
PrefabInstance:
  m_ObjectHideFlags: 0
  serializedVersion: 2
  m_Modification:
    m_TransformParent: {fileID: 0}
    m_Modifications:
    - target: {fileID: 4822703783026141577, guid: 977836db65c0d794984e988a6784a857,
        type: 3}
      propertyPath: m_Name
      value: Keal
      objectReference: {fileID: 0}
    - target: {fileID: 4822703783026141580, guid: 977836db65c0d794984e988a6784a857,
        type: 3}
      propertyPath: m_LocalPosition.x
      value: 5.23
      objectReference: {fileID: 0}
    - target: {fileID: 4822703783026141580, guid: 977836db65c0d794984e988a6784a857,
        type: 3}
      propertyPath: m_LocalPosition.y
      value: 0.87
      objectReference: {fileID: 0}
    - target: {fileID: 4822703783026141580, guid: 977836db65c0d794984e988a6784a857,
        type: 3}
      propertyPath: m_LocalPosition.z
      value: 0
      objectReference: {fileID: 0}
    - target: {fileID: 4822703783026141580, guid: 977836db65c0d794984e988a6784a857,
        type: 3}
      propertyPath: m_LocalRotation.x
      value: 0
      objectReference: {fileID: 0}
    - target: {fileID: 4822703783026141580, guid: 977836db65c0d794984e988a6784a857,
        type: 3}
      propertyPath: m_LocalRotation.y
      value: 0
      objectReference: {fileID: 0}
    - target: {fileID: 4822703783026141580, guid: 977836db65c0d794984e988a6784a857,
        type: 3}
      propertyPath: m_LocalRotation.z
      value: 0
      objectReference: {fileID: 0}
    - target: {fileID: 4822703783026141580, guid: 977836db65c0d794984e988a6784a857,
        type: 3}
      propertyPath: m_LocalRotation.w
      value: 1
      objectReference: {fileID: 0}
    - target: {fileID: 4822703783026141580, guid: 977836db65c0d794984e988a6784a857,
        type: 3}
      propertyPath: m_RootOrder
      value: 2
      objectReference: {fileID: 0}
    - target: {fileID: 4822703783026141580, guid: 977836db65c0d794984e988a6784a857,
        type: 3}
      propertyPath: m_LocalEulerAnglesHint.x
      value: 0
      objectReference: {fileID: 0}
    - target: {fileID: 4822703783026141580, guid: 977836db65c0d794984e988a6784a857,
        type: 3}
      propertyPath: m_LocalEulerAnglesHint.y
      value: 0
      objectReference: {fileID: 0}
    - target: {fileID: 4822703783026141580, guid: 977836db65c0d794984e988a6784a857,
        type: 3}
      propertyPath: m_LocalEulerAnglesHint.z
      value: 0
      objectReference: {fileID: 0}
    m_RemovedComponents: []
  m_SourcePrefab: {fileID: 100100000, guid: 977836db65c0d794984e988a6784a857, type: 3}
--- !u!1 &1464999672
GameObject:
  m_ObjectHideFlags: 0
  m_CorrespondingSourceObject: {fileID: 0}
  m_PrefabInstance: {fileID: 0}
  m_PrefabAsset: {fileID: 0}
  serializedVersion: 6
  m_Component:
  - component: {fileID: 1464999675}
  - component: {fileID: 1464999674}
  - component: {fileID: 1464999673}
  m_Layer: 0
  m_Name: Main Camera
  m_TagString: MainCamera
  m_Icon: {fileID: 0}
  m_NavMeshLayer: 0
  m_StaticEditorFlags: 0
  m_IsActive: 0
--- !u!81 &1464999673
AudioListener:
  m_ObjectHideFlags: 0
  m_CorrespondingSourceObject: {fileID: 0}
  m_PrefabInstance: {fileID: 0}
  m_PrefabAsset: {fileID: 0}
  m_GameObject: {fileID: 1464999672}
  m_Enabled: 1
--- !u!20 &1464999674
Camera:
  m_ObjectHideFlags: 0
  m_CorrespondingSourceObject: {fileID: 0}
  m_PrefabInstance: {fileID: 0}
  m_PrefabAsset: {fileID: 0}
  m_GameObject: {fileID: 1464999672}
  m_Enabled: 1
  serializedVersion: 2
  m_ClearFlags: 1
  m_BackGroundColor: {r: 0.19215687, g: 0.3019608, b: 0.4745098, a: 0}
  m_projectionMatrixMode: 1
  m_GateFitMode: 2
  m_FOVAxisMode: 0
  m_SensorSize: {x: 36, y: 24}
  m_LensShift: {x: 0, y: 0}
  m_FocalLength: 50
  m_NormalizedViewPortRect:
    serializedVersion: 2
    x: 0
    y: 0
    width: 1
    height: 1
  near clip plane: 0.3
  far clip plane: 1000
  field of view: 60
  orthographic: 1
  orthographic size: 5
  m_Depth: -1
  m_CullingMask:
    serializedVersion: 2
    m_Bits: 4294967295
  m_RenderingPath: -1
  m_TargetTexture: {fileID: 0}
  m_TargetDisplay: 0
  m_TargetEye: 3
  m_HDR: 1
  m_AllowMSAA: 1
  m_AllowDynamicResolution: 0
  m_ForceIntoRT: 0
  m_OcclusionCulling: 1
  m_StereoConvergence: 10
  m_StereoSeparation: 0.022
--- !u!4 &1464999675
Transform:
  m_ObjectHideFlags: 0
  m_CorrespondingSourceObject: {fileID: 0}
  m_PrefabInstance: {fileID: 0}
  m_PrefabAsset: {fileID: 0}
  m_GameObject: {fileID: 1464999672}
  m_LocalRotation: {x: 0, y: 0, z: 0, w: 1}
  m_LocalPosition: {x: 0, y: 0, z: -10}
  m_LocalScale: {x: 1, y: 1, z: 1}
  m_Children: []
  m_Father: {fileID: 0}
  m_RootOrder: 0
  m_LocalEulerAnglesHint: {x: 0, y: 0, z: 0}
--- !u!1001 &3183522871097308545
PrefabInstance:
  m_ObjectHideFlags: 0
  serializedVersion: 2
  m_Modification:
    m_TransformParent: {fileID: 5629630744780506466}
    m_Modifications:
    - target: {fileID: 7065675552514404080, guid: 0f2460e712dba5f48b156c1b7be7553b,
        type: 3}
      propertyPath: m_LocalPosition.x
      value: -2.06
      objectReference: {fileID: 0}
    - target: {fileID: 7065675552514404080, guid: 0f2460e712dba5f48b156c1b7be7553b,
        type: 3}
      propertyPath: m_LocalPosition.y
      value: 4.31
      objectReference: {fileID: 0}
    - target: {fileID: 7065675552514404080, guid: 0f2460e712dba5f48b156c1b7be7553b,
        type: 3}
      propertyPath: m_LocalPosition.z
      value: 0
      objectReference: {fileID: 0}
    - target: {fileID: 7065675552514404080, guid: 0f2460e712dba5f48b156c1b7be7553b,
        type: 3}
      propertyPath: m_LocalRotation.x
      value: -0
      objectReference: {fileID: 0}
    - target: {fileID: 7065675552514404080, guid: 0f2460e712dba5f48b156c1b7be7553b,
        type: 3}
      propertyPath: m_LocalRotation.y
      value: -0
      objectReference: {fileID: 0}
    - target: {fileID: 7065675552514404080, guid: 0f2460e712dba5f48b156c1b7be7553b,
        type: 3}
      propertyPath: m_LocalRotation.z
      value: -0
      objectReference: {fileID: 0}
    - target: {fileID: 7065675552514404080, guid: 0f2460e712dba5f48b156c1b7be7553b,
        type: 3}
      propertyPath: m_LocalRotation.w
      value: 1
      objectReference: {fileID: 0}
    - target: {fileID: 7065675552514404080, guid: 0f2460e712dba5f48b156c1b7be7553b,
        type: 3}
      propertyPath: m_RootOrder
      value: 0
      objectReference: {fileID: 0}
    - target: {fileID: 7065675552514404080, guid: 0f2460e712dba5f48b156c1b7be7553b,
        type: 3}
      propertyPath: m_LocalEulerAnglesHint.x
      value: 0
      objectReference: {fileID: 0}
    - target: {fileID: 7065675552514404080, guid: 0f2460e712dba5f48b156c1b7be7553b,
        type: 3}
      propertyPath: m_LocalEulerAnglesHint.y
      value: 0
      objectReference: {fileID: 0}
    - target: {fileID: 7065675552514404080, guid: 0f2460e712dba5f48b156c1b7be7553b,
        type: 3}
      propertyPath: m_LocalEulerAnglesHint.z
      value: 0
      objectReference: {fileID: 0}
    - target: {fileID: 7065675552514404081, guid: 0f2460e712dba5f48b156c1b7be7553b,
        type: 3}
      propertyPath: m_Name
      value: small_locker
      objectReference: {fileID: 0}
    m_RemovedComponents: []
  m_SourcePrefab: {fileID: 100100000, guid: 0f2460e712dba5f48b156c1b7be7553b, type: 3}
--- !u!4 &3183522871097308546 stripped
Transform:
  m_CorrespondingSourceObject: {fileID: 7065675552514404080, guid: 0f2460e712dba5f48b156c1b7be7553b,
    type: 3}
  m_PrefabInstance: {fileID: 3183522871097308545}
  m_PrefabAsset: {fileID: 0}
--- !u!1001 &3427789654190059293
PrefabInstance:
  m_ObjectHideFlags: 0
  serializedVersion: 2
  m_Modification:
    m_TransformParent: {fileID: 5629630743447933767}
    m_Modifications:
    - target: {fileID: 7039552634569250656, guid: bbc9e6c1703459e4388e8eeb8b3a0615,
        type: 3}
      propertyPath: m_Name
      value: carpet
      objectReference: {fileID: 0}
    - target: {fileID: 7039552634569250662, guid: bbc9e6c1703459e4388e8eeb8b3a0615,
        type: 3}
      propertyPath: m_LocalPosition.x
      value: 5.577
      objectReference: {fileID: 0}
    - target: {fileID: 7039552634569250662, guid: bbc9e6c1703459e4388e8eeb8b3a0615,
        type: 3}
      propertyPath: m_LocalPosition.y
      value: 0.043
      objectReference: {fileID: 0}
    - target: {fileID: 7039552634569250662, guid: bbc9e6c1703459e4388e8eeb8b3a0615,
        type: 3}
      propertyPath: m_LocalPosition.z
      value: 0
      objectReference: {fileID: 0}
    - target: {fileID: 7039552634569250662, guid: bbc9e6c1703459e4388e8eeb8b3a0615,
        type: 3}
      propertyPath: m_LocalRotation.x
      value: -0
      objectReference: {fileID: 0}
    - target: {fileID: 7039552634569250662, guid: bbc9e6c1703459e4388e8eeb8b3a0615,
        type: 3}
      propertyPath: m_LocalRotation.y
      value: -0
      objectReference: {fileID: 0}
    - target: {fileID: 7039552634569250662, guid: bbc9e6c1703459e4388e8eeb8b3a0615,
        type: 3}
      propertyPath: m_LocalRotation.z
      value: -0
      objectReference: {fileID: 0}
    - target: {fileID: 7039552634569250662, guid: bbc9e6c1703459e4388e8eeb8b3a0615,
        type: 3}
      propertyPath: m_LocalRotation.w
      value: 1
      objectReference: {fileID: 0}
    - target: {fileID: 7039552634569250662, guid: bbc9e6c1703459e4388e8eeb8b3a0615,
        type: 3}
      propertyPath: m_RootOrder
      value: 2
      objectReference: {fileID: 0}
    - target: {fileID: 7039552634569250662, guid: bbc9e6c1703459e4388e8eeb8b3a0615,
        type: 3}
      propertyPath: m_LocalEulerAnglesHint.x
      value: 0
      objectReference: {fileID: 0}
    - target: {fileID: 7039552634569250662, guid: bbc9e6c1703459e4388e8eeb8b3a0615,
        type: 3}
      propertyPath: m_LocalEulerAnglesHint.y
      value: 0
      objectReference: {fileID: 0}
    - target: {fileID: 7039552634569250662, guid: bbc9e6c1703459e4388e8eeb8b3a0615,
        type: 3}
      propertyPath: m_LocalEulerAnglesHint.z
      value: 0
      objectReference: {fileID: 0}
    m_RemovedComponents: []
  m_SourcePrefab: {fileID: 100100000, guid: bbc9e6c1703459e4388e8eeb8b3a0615, type: 3}
--- !u!4 &3427789654190059294 stripped
Transform:
  m_CorrespondingSourceObject: {fileID: 7039552634569250662, guid: bbc9e6c1703459e4388e8eeb8b3a0615,
    type: 3}
  m_PrefabInstance: {fileID: 3427789654190059293}
  m_PrefabAsset: {fileID: 0}
--- !u!1001 &4823509643213436895
PrefabInstance:
  m_ObjectHideFlags: 0
  serializedVersion: 2
  m_Modification:
    m_TransformParent: {fileID: 5629630743440726399}
    m_Modifications:
    - target: {fileID: 923514051930234785, guid: a0f50e9707f69f44e902f504196f1764,
        type: 3}
      propertyPath: m_Name
      value: table
      objectReference: {fileID: 0}
    - target: {fileID: 923514051930234787, guid: a0f50e9707f69f44e902f504196f1764,
        type: 3}
      propertyPath: m_LocalPosition.x
      value: -5.47
      objectReference: {fileID: 0}
    - target: {fileID: 923514051930234787, guid: a0f50e9707f69f44e902f504196f1764,
        type: 3}
      propertyPath: m_LocalPosition.y
      value: -0.83
      objectReference: {fileID: 0}
    - target: {fileID: 923514051930234787, guid: a0f50e9707f69f44e902f504196f1764,
        type: 3}
      propertyPath: m_LocalPosition.z
      value: 0
      objectReference: {fileID: 0}
    - target: {fileID: 923514051930234787, guid: a0f50e9707f69f44e902f504196f1764,
        type: 3}
      propertyPath: m_LocalRotation.x
      value: -0
      objectReference: {fileID: 0}
    - target: {fileID: 923514051930234787, guid: a0f50e9707f69f44e902f504196f1764,
        type: 3}
      propertyPath: m_LocalRotation.y
      value: -0
      objectReference: {fileID: 0}
    - target: {fileID: 923514051930234787, guid: a0f50e9707f69f44e902f504196f1764,
        type: 3}
      propertyPath: m_LocalRotation.z
      value: -0
      objectReference: {fileID: 0}
    - target: {fileID: 923514051930234787, guid: a0f50e9707f69f44e902f504196f1764,
        type: 3}
      propertyPath: m_LocalRotation.w
      value: 1
      objectReference: {fileID: 0}
    - target: {fileID: 923514051930234787, guid: a0f50e9707f69f44e902f504196f1764,
        type: 3}
      propertyPath: m_RootOrder
      value: 4
      objectReference: {fileID: 0}
    - target: {fileID: 923514051930234787, guid: a0f50e9707f69f44e902f504196f1764,
        type: 3}
      propertyPath: m_LocalEulerAnglesHint.x
      value: 0
      objectReference: {fileID: 0}
    - target: {fileID: 923514051930234787, guid: a0f50e9707f69f44e902f504196f1764,
        type: 3}
      propertyPath: m_LocalEulerAnglesHint.y
      value: 0
      objectReference: {fileID: 0}
    - target: {fileID: 923514051930234787, guid: a0f50e9707f69f44e902f504196f1764,
        type: 3}
      propertyPath: m_LocalEulerAnglesHint.z
      value: 0
      objectReference: {fileID: 0}
    m_RemovedComponents: []
  m_SourcePrefab: {fileID: 100100000, guid: a0f50e9707f69f44e902f504196f1764, type: 3}
--- !u!4 &4823509643213436896 stripped
Transform:
  m_CorrespondingSourceObject: {fileID: 923514051930234787, guid: a0f50e9707f69f44e902f504196f1764,
    type: 3}
  m_PrefabInstance: {fileID: 4823509643213436895}
  m_PrefabAsset: {fileID: 0}
--- !u!1001 &4929270259860770115
PrefabInstance:
  m_ObjectHideFlags: 0
  serializedVersion: 2
  m_Modification:
    m_TransformParent: {fileID: 5629630745119562888}
    m_Modifications:
    - target: {fileID: 740910835392918176, guid: 366c741715ea9d344b1a0f1b9a5de06e,
        type: 3}
      propertyPath: m_Name
      value: chair
      objectReference: {fileID: 0}
    - target: {fileID: 740910835392918178, guid: 366c741715ea9d344b1a0f1b9a5de06e,
        type: 3}
      propertyPath: m_LocalPosition.x
      value: -5.48
      objectReference: {fileID: 0}
    - target: {fileID: 740910835392918178, guid: 366c741715ea9d344b1a0f1b9a5de06e,
        type: 3}
      propertyPath: m_LocalPosition.y
      value: -0.109
      objectReference: {fileID: 0}
    - target: {fileID: 740910835392918178, guid: 366c741715ea9d344b1a0f1b9a5de06e,
        type: 3}
      propertyPath: m_LocalPosition.z
      value: 0
      objectReference: {fileID: 0}
    - target: {fileID: 740910835392918178, guid: 366c741715ea9d344b1a0f1b9a5de06e,
        type: 3}
      propertyPath: m_LocalRotation.x
      value: -0
      objectReference: {fileID: 0}
    - target: {fileID: 740910835392918178, guid: 366c741715ea9d344b1a0f1b9a5de06e,
        type: 3}
      propertyPath: m_LocalRotation.y
      value: -0
      objectReference: {fileID: 0}
    - target: {fileID: 740910835392918178, guid: 366c741715ea9d344b1a0f1b9a5de06e,
        type: 3}
      propertyPath: m_LocalRotation.z
      value: -0
      objectReference: {fileID: 0}
    - target: {fileID: 740910835392918178, guid: 366c741715ea9d344b1a0f1b9a5de06e,
        type: 3}
      propertyPath: m_LocalRotation.w
      value: 1
      objectReference: {fileID: 0}
    - target: {fileID: 740910835392918178, guid: 366c741715ea9d344b1a0f1b9a5de06e,
        type: 3}
      propertyPath: m_RootOrder
      value: 10
      objectReference: {fileID: 0}
    - target: {fileID: 740910835392918178, guid: 366c741715ea9d344b1a0f1b9a5de06e,
        type: 3}
      propertyPath: m_LocalEulerAnglesHint.x
      value: 0
      objectReference: {fileID: 0}
    - target: {fileID: 740910835392918178, guid: 366c741715ea9d344b1a0f1b9a5de06e,
        type: 3}
      propertyPath: m_LocalEulerAnglesHint.y
      value: 0
      objectReference: {fileID: 0}
    - target: {fileID: 740910835392918178, guid: 366c741715ea9d344b1a0f1b9a5de06e,
        type: 3}
      propertyPath: m_LocalEulerAnglesHint.z
      value: 0
      objectReference: {fileID: 0}
    m_RemovedComponents: []
  m_SourcePrefab: {fileID: 100100000, guid: 366c741715ea9d344b1a0f1b9a5de06e, type: 3}
--- !u!4 &4929270259860770116 stripped
Transform:
  m_CorrespondingSourceObject: {fileID: 740910835392918178, guid: 366c741715ea9d344b1a0f1b9a5de06e,
    type: 3}
  m_PrefabInstance: {fileID: 4929270259860770115}
  m_PrefabAsset: {fileID: 0}
--- !u!1001 &5137803938667856436
PrefabInstance:
  m_ObjectHideFlags: 0
  serializedVersion: 2
  m_Modification:
    m_TransformParent: {fileID: 5629630743440726399}
    m_Modifications:
    - target: {fileID: 679289431873597339, guid: 6333d19d2d8c723429e2828c87f4cc2f,
        type: 3}
      propertyPath: m_LocalPosition.x
      value: 4.098
      objectReference: {fileID: 0}
    - target: {fileID: 679289431873597339, guid: 6333d19d2d8c723429e2828c87f4cc2f,
        type: 3}
      propertyPath: m_LocalPosition.y
      value: -1.859
      objectReference: {fileID: 0}
    - target: {fileID: 679289431873597339, guid: 6333d19d2d8c723429e2828c87f4cc2f,
        type: 3}
      propertyPath: m_LocalPosition.z
      value: 0
      objectReference: {fileID: 0}
    - target: {fileID: 679289431873597339, guid: 6333d19d2d8c723429e2828c87f4cc2f,
        type: 3}
      propertyPath: m_LocalRotation.x
      value: -0
      objectReference: {fileID: 0}
    - target: {fileID: 679289431873597339, guid: 6333d19d2d8c723429e2828c87f4cc2f,
        type: 3}
      propertyPath: m_LocalRotation.y
      value: -0
      objectReference: {fileID: 0}
    - target: {fileID: 679289431873597339, guid: 6333d19d2d8c723429e2828c87f4cc2f,
        type: 3}
      propertyPath: m_LocalRotation.z
      value: -0
      objectReference: {fileID: 0}
    - target: {fileID: 679289431873597339, guid: 6333d19d2d8c723429e2828c87f4cc2f,
        type: 3}
      propertyPath: m_LocalRotation.w
      value: 1
      objectReference: {fileID: 0}
    - target: {fileID: 679289431873597339, guid: 6333d19d2d8c723429e2828c87f4cc2f,
        type: 3}
      propertyPath: m_RootOrder
      value: 0
      objectReference: {fileID: 0}
    - target: {fileID: 679289431873597339, guid: 6333d19d2d8c723429e2828c87f4cc2f,
        type: 3}
      propertyPath: m_LocalEulerAnglesHint.x
      value: 0
      objectReference: {fileID: 0}
    - target: {fileID: 679289431873597339, guid: 6333d19d2d8c723429e2828c87f4cc2f,
        type: 3}
      propertyPath: m_LocalEulerAnglesHint.y
      value: 0
      objectReference: {fileID: 0}
    - target: {fileID: 679289431873597339, guid: 6333d19d2d8c723429e2828c87f4cc2f,
        type: 3}
      propertyPath: m_LocalEulerAnglesHint.z
      value: 0
      objectReference: {fileID: 0}
    - target: {fileID: 679289431873597413, guid: 6333d19d2d8c723429e2828c87f4cc2f,
        type: 3}
      propertyPath: m_Name
      value: small_table
      objectReference: {fileID: 0}
    m_RemovedComponents: []
  m_SourcePrefab: {fileID: 100100000, guid: 6333d19d2d8c723429e2828c87f4cc2f, type: 3}
--- !u!4 &5137803938667856437 stripped
Transform:
  m_CorrespondingSourceObject: {fileID: 679289431873597339, guid: 6333d19d2d8c723429e2828c87f4cc2f,
    type: 3}
  m_PrefabInstance: {fileID: 5137803938667856436}
  m_PrefabAsset: {fileID: 0}
--- !u!1001 &5586327719212924186
PrefabInstance:
  m_ObjectHideFlags: 0
  serializedVersion: 2
  m_Modification:
    m_TransformParent: {fileID: 5629630743447933767}
    m_Modifications:
    - target: {fileID: 263152866148168621, guid: 35fef771aacf5224bb24b07348383da9,
        type: 3}
      propertyPath: m_Name
      value: counter
      objectReference: {fileID: 0}
    - target: {fileID: 263152866148168623, guid: 35fef771aacf5224bb24b07348383da9,
        type: 3}
      propertyPath: m_LocalPosition.x
      value: 4.49
      objectReference: {fileID: 0}
    - target: {fileID: 263152866148168623, guid: 35fef771aacf5224bb24b07348383da9,
        type: 3}
      propertyPath: m_LocalPosition.y
      value: 2.76
      objectReference: {fileID: 0}
    - target: {fileID: 263152866148168623, guid: 35fef771aacf5224bb24b07348383da9,
        type: 3}
      propertyPath: m_LocalPosition.z
      value: 0
      objectReference: {fileID: 0}
    - target: {fileID: 263152866148168623, guid: 35fef771aacf5224bb24b07348383da9,
        type: 3}
      propertyPath: m_LocalRotation.x
      value: -0
      objectReference: {fileID: 0}
    - target: {fileID: 263152866148168623, guid: 35fef771aacf5224bb24b07348383da9,
        type: 3}
      propertyPath: m_LocalRotation.y
      value: -0
      objectReference: {fileID: 0}
    - target: {fileID: 263152866148168623, guid: 35fef771aacf5224bb24b07348383da9,
        type: 3}
      propertyPath: m_LocalRotation.z
      value: -0
      objectReference: {fileID: 0}
    - target: {fileID: 263152866148168623, guid: 35fef771aacf5224bb24b07348383da9,
        type: 3}
      propertyPath: m_LocalRotation.w
      value: 1
      objectReference: {fileID: 0}
    - target: {fileID: 263152866148168623, guid: 35fef771aacf5224bb24b07348383da9,
        type: 3}
      propertyPath: m_RootOrder
      value: 0
      objectReference: {fileID: 0}
    - target: {fileID: 263152866148168623, guid: 35fef771aacf5224bb24b07348383da9,
        type: 3}
      propertyPath: m_LocalEulerAnglesHint.x
      value: 0
      objectReference: {fileID: 0}
    - target: {fileID: 263152866148168623, guid: 35fef771aacf5224bb24b07348383da9,
        type: 3}
      propertyPath: m_LocalEulerAnglesHint.y
      value: 0
      objectReference: {fileID: 0}
    - target: {fileID: 263152866148168623, guid: 35fef771aacf5224bb24b07348383da9,
        type: 3}
      propertyPath: m_LocalEulerAnglesHint.z
      value: 0
      objectReference: {fileID: 0}
    m_RemovedComponents: []
  m_SourcePrefab: {fileID: 100100000, guid: 35fef771aacf5224bb24b07348383da9, type: 3}
--- !u!4 &5586327719212924187 stripped
Transform:
  m_CorrespondingSourceObject: {fileID: 263152866148168623, guid: 35fef771aacf5224bb24b07348383da9,
    type: 3}
  m_PrefabInstance: {fileID: 5586327719212924186}
  m_PrefabAsset: {fileID: 0}
--- !u!1 &5629630743440726369
GameObject:
  m_ObjectHideFlags: 0
  m_CorrespondingSourceObject: {fileID: 0}
  m_PrefabInstance: {fileID: 0}
  m_PrefabAsset: {fileID: 0}
  serializedVersion: 6
  m_Component:
  - component: {fileID: 5629630743440726399}
  - component: {fileID: 5629630743440726398}
  - component: {fileID: 5629630743440726396}
  m_Layer: 0
  m_Name: map3_hospital
  m_TagString: Untagged
  m_Icon: {fileID: 0}
  m_NavMeshLayer: 0
  m_StaticEditorFlags: 0
  m_IsActive: 1
--- !u!60 &5629630743440726396
PolygonCollider2D:
  m_ObjectHideFlags: 0
  m_CorrespondingSourceObject: {fileID: 0}
  m_PrefabInstance: {fileID: 0}
  m_PrefabAsset: {fileID: 0}
  m_GameObject: {fileID: 5629630743440726369}
  m_Enabled: 1
  m_Density: 1
  m_Material: {fileID: 0}
  m_IsTrigger: 0
  m_UsedByEffector: 0
  m_UsedByComposite: 0
  m_Offset: {x: 0, y: 0}
  m_SpriteTilingProperty:
    border: {x: 0, y: 0, z: 0, w: 0}
    pivot: {x: 0.5, y: 0.5}
    oldSize: {x: 20.48, y: 20.48}
    newSize: {x: 20.48, y: 20.48}
    adaptiveTilingThreshold: 0.5
    drawMode: 0
    adaptiveTiling: 0
  m_AutoTiling: 0
  m_Points:
    m_Paths:
    - - {x: -7.038776, y: 5.0380116}
      - {x: -7.4590034, y: 2.2972784}
      - {x: -7.47497, y: -3.9884439}
      - {x: -5.2510886, y: -5.203499}
      - {x: 7.644175, y: -5.063816}
      - {x: 7.6075587, y: 0.59911275}
      - {x: 6.042668, y: 0.5941081}
      - {x: 5.9970584, y: -2.7286022}
      - {x: 5.6764297, y: -3.3632932}
      - {x: 4.9318414, y: -3.7804391}
      - {x: -4.6301665, y: -3.8215752}
      - {x: -5.653831, y: -3.4676406}
      - {x: -6.103092, y: -2.636231}
      - {x: -6.124073, y: 2.1494784}
      - {x: -5.8417053, y: 3.3028805}
      - {x: -4.806916, y: 3.869091}
      - {x: 4.660825, y: 3.8201473}
      - {x: 5.5354147, y: 3.5475953}
      - {x: 6.02878, y: 2.7361624}
      - {x: 5.96501, y: 0.65915656}
      - {x: 7.4897876, y: 0.69267404}
      - {x: 6.5927925, y: 4.8603673}
--- !u!212 &5629630743440726398
SpriteRenderer:
  m_ObjectHideFlags: 0
  m_CorrespondingSourceObject: {fileID: 0}
  m_PrefabInstance: {fileID: 0}
  m_PrefabAsset: {fileID: 0}
  m_GameObject: {fileID: 5629630743440726369}
  m_Enabled: 1
  m_CastShadows: 0
  m_ReceiveShadows: 0
  m_DynamicOccludee: 1
  m_MotionVectors: 1
  m_LightProbeUsage: 1
  m_ReflectionProbeUsage: 1
  m_RenderingLayerMask: 1
  m_RendererPriority: 0
  m_Materials:
  - {fileID: 10754, guid: 0000000000000000f000000000000000, type: 0}
  m_StaticBatchInfo:
    firstSubMesh: 0
    subMeshCount: 0
  m_StaticBatchRoot: {fileID: 0}
  m_ProbeAnchor: {fileID: 0}
  m_LightProbeVolumeOverride: {fileID: 0}
  m_ScaleInLightmap: 1
  m_ReceiveGI: 1
  m_PreserveUVs: 0
  m_IgnoreNormalsForChartDetection: 0
  m_ImportantGI: 0
  m_StitchLightmapSeams: 1
  m_SelectedEditorRenderState: 0
  m_MinimumChartSize: 4
  m_AutoUVMaxDistance: 0.5
  m_AutoUVMaxAngle: 89
  m_LightmapParameters: {fileID: 0}
  m_SortingLayerID: 0
  m_SortingLayer: 0
  m_SortingOrder: 0
  m_Sprite: {fileID: 21300000, guid: 10fe8774d800b484f8c6d98efb439ff0, type: 3}
  m_Color: {r: 1, g: 1, b: 1, a: 1}
  m_FlipX: 0
  m_FlipY: 0
  m_DrawMode: 0
  m_Size: {x: 20.48, y: 20.48}
  m_AdaptiveModeThreshold: 0.5
  m_SpriteTileMode: 0
  m_WasSpriteAssigned: 1
  m_MaskInteraction: 0
  m_SpriteSortPoint: 0
--- !u!4 &5629630743440726399
Transform:
  m_ObjectHideFlags: 0
  m_CorrespondingSourceObject: {fileID: 0}
  m_PrefabInstance: {fileID: 0}
  m_PrefabAsset: {fileID: 0}
  m_GameObject: {fileID: 5629630743440726369}
  m_LocalRotation: {x: 0, y: 0, z: 0, w: 1}
  m_LocalPosition: {x: 0, y: 0, z: 0}
  m_LocalScale: {x: 1, y: 1, z: 1}
  m_Children:
  - {fileID: 5137803938667856437}
  - {fileID: 5629630745119562888}
  - {fileID: 5629630744780506466}
  - {fileID: 5629630743447933767}
  - {fileID: 4823509643213436896}
  - {fileID: 8764236526865688991}
  - {fileID: 7249749986205098549}
  - {fileID: 5629630744402577581}
  m_Father: {fileID: 0}
  m_RootOrder: 4
  m_LocalEulerAnglesHint: {x: 0, y: 0, z: 0}
--- !u!1 &5629630743447933766
GameObject:
  m_ObjectHideFlags: 0
  m_CorrespondingSourceObject: {fileID: 0}
  m_PrefabInstance: {fileID: 0}
  m_PrefabAsset: {fileID: 0}
  serializedVersion: 6
  m_Component:
  - component: {fileID: 5629630743447933767}
  m_Layer: 0
  m_Name: BG
  m_TagString: Untagged
  m_Icon: {fileID: 0}
  m_NavMeshLayer: 0
  m_StaticEditorFlags: 0
  m_IsActive: 1
--- !u!4 &5629630743447933767
Transform:
  m_ObjectHideFlags: 0
  m_CorrespondingSourceObject: {fileID: 0}
  m_PrefabInstance: {fileID: 0}
  m_PrefabAsset: {fileID: 0}
  m_GameObject: {fileID: 5629630743447933766}
  m_LocalRotation: {x: -0, y: -0, z: -0, w: 1}
  m_LocalPosition: {x: 0, y: 0, z: 0}
  m_LocalScale: {x: 1, y: 1, z: 1}
  m_Children:
  - {fileID: 5586327719212924187}
  - {fileID: 7733759364950792481}
  - {fileID: 3427789654190059294}
  m_Father: {fileID: 5629630743440726399}
  m_RootOrder: 3
  m_LocalEulerAnglesHint: {x: 0, y: 0, z: 0}
--- !u!1001 &5629630743521223165
PrefabInstance:
  m_ObjectHideFlags: 0
  serializedVersion: 2
  m_Modification:
    m_TransformParent: {fileID: 5629630745119562888}
    m_Modifications:
    - target: {fileID: 3315859373630774680, guid: 60c1b12049dd3c44caed471ecb62cc4f,
        type: 3}
      propertyPath: m_Name
      value: small_chair (6)
      objectReference: {fileID: 0}
    - target: {fileID: 3315859373630774682, guid: 60c1b12049dd3c44caed471ecb62cc4f,
        type: 3}
      propertyPath: m_LocalPosition.x
      value: -0.408
      objectReference: {fileID: 0}
    - target: {fileID: 3315859373630774682, guid: 60c1b12049dd3c44caed471ecb62cc4f,
        type: 3}
      propertyPath: m_LocalPosition.y
      value: -3.1028554
      objectReference: {fileID: 0}
    - target: {fileID: 3315859373630774682, guid: 60c1b12049dd3c44caed471ecb62cc4f,
        type: 3}
      propertyPath: m_LocalPosition.z
      value: 0
      objectReference: {fileID: 0}
    - target: {fileID: 3315859373630774682, guid: 60c1b12049dd3c44caed471ecb62cc4f,
        type: 3}
      propertyPath: m_LocalRotation.x
      value: -0
      objectReference: {fileID: 0}
    - target: {fileID: 3315859373630774682, guid: 60c1b12049dd3c44caed471ecb62cc4f,
        type: 3}
      propertyPath: m_LocalRotation.y
      value: -0
      objectReference: {fileID: 0}
    - target: {fileID: 3315859373630774682, guid: 60c1b12049dd3c44caed471ecb62cc4f,
        type: 3}
      propertyPath: m_LocalRotation.z
      value: -0
      objectReference: {fileID: 0}
    - target: {fileID: 3315859373630774682, guid: 60c1b12049dd3c44caed471ecb62cc4f,
        type: 3}
      propertyPath: m_LocalRotation.w
      value: 1
      objectReference: {fileID: 0}
    - target: {fileID: 3315859373630774682, guid: 60c1b12049dd3c44caed471ecb62cc4f,
        type: 3}
      propertyPath: m_RootOrder
      value: 7
      objectReference: {fileID: 0}
    - target: {fileID: 3315859373630774682, guid: 60c1b12049dd3c44caed471ecb62cc4f,
        type: 3}
      propertyPath: m_LocalEulerAnglesHint.x
      value: 0
      objectReference: {fileID: 0}
    - target: {fileID: 3315859373630774682, guid: 60c1b12049dd3c44caed471ecb62cc4f,
        type: 3}
      propertyPath: m_LocalEulerAnglesHint.y
      value: 0
      objectReference: {fileID: 0}
    - target: {fileID: 3315859373630774682, guid: 60c1b12049dd3c44caed471ecb62cc4f,
        type: 3}
      propertyPath: m_LocalEulerAnglesHint.z
      value: 0
      objectReference: {fileID: 0}
    m_RemovedComponents: []
  m_SourcePrefab: {fileID: 100100000, guid: 60c1b12049dd3c44caed471ecb62cc4f, type: 3}
--- !u!4 &5629630743521223166 stripped
Transform:
  m_CorrespondingSourceObject: {fileID: 3315859373630774682, guid: 60c1b12049dd3c44caed471ecb62cc4f,
    type: 3}
  m_PrefabInstance: {fileID: 5629630743521223165}
  m_PrefabAsset: {fileID: 0}
--- !u!1001 &5629630744123195754
PrefabInstance:
  m_ObjectHideFlags: 0
  serializedVersion: 2
  m_Modification:
    m_TransformParent: {fileID: 5629630744780506466}
    m_Modifications:
    - target: {fileID: 7065675552514404080, guid: 0f2460e712dba5f48b156c1b7be7553b,
        type: 3}
      propertyPath: m_LocalPosition.x
      value: 4.077
      objectReference: {fileID: 0}
    - target: {fileID: 7065675552514404080, guid: 0f2460e712dba5f48b156c1b7be7553b,
        type: 3}
      propertyPath: m_LocalPosition.y
      value: 4.404
      objectReference: {fileID: 0}
    - target: {fileID: 7065675552514404080, guid: 0f2460e712dba5f48b156c1b7be7553b,
        type: 3}
      propertyPath: m_LocalPosition.z
      value: 0
      objectReference: {fileID: 0}
    - target: {fileID: 7065675552514404080, guid: 0f2460e712dba5f48b156c1b7be7553b,
        type: 3}
      propertyPath: m_LocalRotation.x
      value: -0
      objectReference: {fileID: 0}
    - target: {fileID: 7065675552514404080, guid: 0f2460e712dba5f48b156c1b7be7553b,
        type: 3}
      propertyPath: m_LocalRotation.y
      value: -0
      objectReference: {fileID: 0}
    - target: {fileID: 7065675552514404080, guid: 0f2460e712dba5f48b156c1b7be7553b,
        type: 3}
      propertyPath: m_LocalRotation.z
      value: -0
      objectReference: {fileID: 0}
    - target: {fileID: 7065675552514404080, guid: 0f2460e712dba5f48b156c1b7be7553b,
        type: 3}
      propertyPath: m_LocalRotation.w
      value: 1
      objectReference: {fileID: 0}
    - target: {fileID: 7065675552514404080, guid: 0f2460e712dba5f48b156c1b7be7553b,
        type: 3}
      propertyPath: m_RootOrder
      value: 1
      objectReference: {fileID: 0}
    - target: {fileID: 7065675552514404080, guid: 0f2460e712dba5f48b156c1b7be7553b,
        type: 3}
      propertyPath: m_LocalEulerAnglesHint.x
      value: 0
      objectReference: {fileID: 0}
    - target: {fileID: 7065675552514404080, guid: 0f2460e712dba5f48b156c1b7be7553b,
        type: 3}
      propertyPath: m_LocalEulerAnglesHint.y
      value: 0
      objectReference: {fileID: 0}
    - target: {fileID: 7065675552514404080, guid: 0f2460e712dba5f48b156c1b7be7553b,
        type: 3}
      propertyPath: m_LocalEulerAnglesHint.z
      value: 0
      objectReference: {fileID: 0}
    - target: {fileID: 7065675552514404081, guid: 0f2460e712dba5f48b156c1b7be7553b,
        type: 3}
      propertyPath: m_Name
      value: small_locker (2)
      objectReference: {fileID: 0}
    m_RemovedComponents: []
  m_SourcePrefab: {fileID: 100100000, guid: 0f2460e712dba5f48b156c1b7be7553b, type: 3}
--- !u!4 &5629630744123195755 stripped
Transform:
  m_CorrespondingSourceObject: {fileID: 7065675552514404080, guid: 0f2460e712dba5f48b156c1b7be7553b,
    type: 3}
  m_PrefabInstance: {fileID: 5629630744123195754}
  m_PrefabAsset: {fileID: 0}
--- !u!1001 &5629630744160100781
PrefabInstance:
  m_ObjectHideFlags: 0
  serializedVersion: 2
  m_Modification:
    m_TransformParent: {fileID: 5629630745119562888}
    m_Modifications:
    - target: {fileID: 3315859373630774680, guid: 60c1b12049dd3c44caed471ecb62cc4f,
        type: 3}
      propertyPath: m_Name
      value: small_chair (4)
      objectReference: {fileID: 0}
    - target: {fileID: 3315859373630774682, guid: 60c1b12049dd3c44caed471ecb62cc4f,
        type: 3}
      propertyPath: m_LocalPosition.x
      value: 1.0725425
      objectReference: {fileID: 0}
    - target: {fileID: 3315859373630774682, guid: 60c1b12049dd3c44caed471ecb62cc4f,
        type: 3}
      propertyPath: m_LocalPosition.y
      value: -3.1028554
      objectReference: {fileID: 0}
    - target: {fileID: 3315859373630774682, guid: 60c1b12049dd3c44caed471ecb62cc4f,
        type: 3}
      propertyPath: m_LocalPosition.z
      value: 0
      objectReference: {fileID: 0}
    - target: {fileID: 3315859373630774682, guid: 60c1b12049dd3c44caed471ecb62cc4f,
        type: 3}
      propertyPath: m_LocalRotation.x
      value: -0
      objectReference: {fileID: 0}
    - target: {fileID: 3315859373630774682, guid: 60c1b12049dd3c44caed471ecb62cc4f,
        type: 3}
      propertyPath: m_LocalRotation.y
      value: -0
      objectReference: {fileID: 0}
    - target: {fileID: 3315859373630774682, guid: 60c1b12049dd3c44caed471ecb62cc4f,
        type: 3}
      propertyPath: m_LocalRotation.z
      value: -0
      objectReference: {fileID: 0}
    - target: {fileID: 3315859373630774682, guid: 60c1b12049dd3c44caed471ecb62cc4f,
        type: 3}
      propertyPath: m_LocalRotation.w
      value: 1
      objectReference: {fileID: 0}
    - target: {fileID: 3315859373630774682, guid: 60c1b12049dd3c44caed471ecb62cc4f,
        type: 3}
      propertyPath: m_RootOrder
      value: 3
      objectReference: {fileID: 0}
    - target: {fileID: 3315859373630774682, guid: 60c1b12049dd3c44caed471ecb62cc4f,
        type: 3}
      propertyPath: m_LocalEulerAnglesHint.x
      value: 0
      objectReference: {fileID: 0}
    - target: {fileID: 3315859373630774682, guid: 60c1b12049dd3c44caed471ecb62cc4f,
        type: 3}
      propertyPath: m_LocalEulerAnglesHint.y
      value: 0
      objectReference: {fileID: 0}
    - target: {fileID: 3315859373630774682, guid: 60c1b12049dd3c44caed471ecb62cc4f,
        type: 3}
      propertyPath: m_LocalEulerAnglesHint.z
      value: 0
      objectReference: {fileID: 0}
    m_RemovedComponents: []
  m_SourcePrefab: {fileID: 100100000, guid: 60c1b12049dd3c44caed471ecb62cc4f, type: 3}
--- !u!4 &5629630744160100782 stripped
Transform:
  m_CorrespondingSourceObject: {fileID: 3315859373630774682, guid: 60c1b12049dd3c44caed471ecb62cc4f,
    type: 3}
  m_PrefabInstance: {fileID: 5629630744160100781}
  m_PrefabAsset: {fileID: 0}
--- !u!1001 &5629630744272625881
PrefabInstance:
  m_ObjectHideFlags: 0
  serializedVersion: 2
  m_Modification:
    m_TransformParent: {fileID: 5629630744780506466}
    m_Modifications:
    - target: {fileID: 7065675552514404080, guid: 0f2460e712dba5f48b156c1b7be7553b,
        type: 3}
      propertyPath: m_LocalPosition.x
      value: 3.5221395
      objectReference: {fileID: 0}
    - target: {fileID: 7065675552514404080, guid: 0f2460e712dba5f48b156c1b7be7553b,
        type: 3}
      propertyPath: m_LocalPosition.y
      value: 4.404
      objectReference: {fileID: 0}
    - target: {fileID: 7065675552514404080, guid: 0f2460e712dba5f48b156c1b7be7553b,
        type: 3}
      propertyPath: m_LocalPosition.z
      value: 0
      objectReference: {fileID: 0}
    - target: {fileID: 7065675552514404080, guid: 0f2460e712dba5f48b156c1b7be7553b,
        type: 3}
      propertyPath: m_LocalRotation.x
      value: -0
      objectReference: {fileID: 0}
    - target: {fileID: 7065675552514404080, guid: 0f2460e712dba5f48b156c1b7be7553b,
        type: 3}
      propertyPath: m_LocalRotation.y
      value: -0
      objectReference: {fileID: 0}
    - target: {fileID: 7065675552514404080, guid: 0f2460e712dba5f48b156c1b7be7553b,
        type: 3}
      propertyPath: m_LocalRotation.z
      value: -0
      objectReference: {fileID: 0}
    - target: {fileID: 7065675552514404080, guid: 0f2460e712dba5f48b156c1b7be7553b,
        type: 3}
      propertyPath: m_LocalRotation.w
      value: 1
      objectReference: {fileID: 0}
    - target: {fileID: 7065675552514404080, guid: 0f2460e712dba5f48b156c1b7be7553b,
        type: 3}
      propertyPath: m_RootOrder
      value: 2
      objectReference: {fileID: 0}
    - target: {fileID: 7065675552514404080, guid: 0f2460e712dba5f48b156c1b7be7553b,
        type: 3}
      propertyPath: m_LocalEulerAnglesHint.x
      value: 0
      objectReference: {fileID: 0}
    - target: {fileID: 7065675552514404080, guid: 0f2460e712dba5f48b156c1b7be7553b,
        type: 3}
      propertyPath: m_LocalEulerAnglesHint.y
      value: 0
      objectReference: {fileID: 0}
    - target: {fileID: 7065675552514404080, guid: 0f2460e712dba5f48b156c1b7be7553b,
        type: 3}
      propertyPath: m_LocalEulerAnglesHint.z
      value: 0
      objectReference: {fileID: 0}
    - target: {fileID: 7065675552514404081, guid: 0f2460e712dba5f48b156c1b7be7553b,
        type: 3}
      propertyPath: m_Name
      value: small_locker (1)
      objectReference: {fileID: 0}
    m_RemovedComponents: []
  m_SourcePrefab: {fileID: 100100000, guid: 0f2460e712dba5f48b156c1b7be7553b, type: 3}
--- !u!4 &5629630744272625882 stripped
Transform:
  m_CorrespondingSourceObject: {fileID: 7065675552514404080, guid: 0f2460e712dba5f48b156c1b7be7553b,
    type: 3}
  m_PrefabInstance: {fileID: 5629630744272625881}
  m_PrefabAsset: {fileID: 0}
--- !u!1001 &5629630744309880121
PrefabInstance:
  m_ObjectHideFlags: 0
  serializedVersion: 2
  m_Modification:
    m_TransformParent: {fileID: 5629630745119562888}
    m_Modifications:
    - target: {fileID: 740910835392918176, guid: 366c741715ea9d344b1a0f1b9a5de06e,
        type: 3}
      propertyPath: m_Name
      value: chair (2)
      objectReference: {fileID: 0}
    - target: {fileID: 740910835392918178, guid: 366c741715ea9d344b1a0f1b9a5de06e,
        type: 3}
      propertyPath: m_LocalPosition.x
      value: 0.7935525
      objectReference: {fileID: 0}
    - target: {fileID: 740910835392918178, guid: 366c741715ea9d344b1a0f1b9a5de06e,
        type: 3}
      propertyPath: m_LocalPosition.y
      value: 4.379359
      objectReference: {fileID: 0}
    - target: {fileID: 740910835392918178, guid: 366c741715ea9d344b1a0f1b9a5de06e,
        type: 3}
      propertyPath: m_LocalPosition.z
      value: 0
      objectReference: {fileID: 0}
    - target: {fileID: 740910835392918178, guid: 366c741715ea9d344b1a0f1b9a5de06e,
        type: 3}
      propertyPath: m_LocalRotation.x
      value: -0
      objectReference: {fileID: 0}
    - target: {fileID: 740910835392918178, guid: 366c741715ea9d344b1a0f1b9a5de06e,
        type: 3}
      propertyPath: m_LocalRotation.y
      value: -0
      objectReference: {fileID: 0}
    - target: {fileID: 740910835392918178, guid: 366c741715ea9d344b1a0f1b9a5de06e,
        type: 3}
      propertyPath: m_LocalRotation.z
      value: -0
      objectReference: {fileID: 0}
    - target: {fileID: 740910835392918178, guid: 366c741715ea9d344b1a0f1b9a5de06e,
        type: 3}
      propertyPath: m_LocalRotation.w
      value: 1
      objectReference: {fileID: 0}
    - target: {fileID: 740910835392918178, guid: 366c741715ea9d344b1a0f1b9a5de06e,
        type: 3}
      propertyPath: m_RootOrder
      value: 5
      objectReference: {fileID: 0}
    - target: {fileID: 740910835392918178, guid: 366c741715ea9d344b1a0f1b9a5de06e,
        type: 3}
      propertyPath: m_LocalEulerAnglesHint.x
      value: 0
      objectReference: {fileID: 0}
    - target: {fileID: 740910835392918178, guid: 366c741715ea9d344b1a0f1b9a5de06e,
        type: 3}
      propertyPath: m_LocalEulerAnglesHint.y
      value: 0
      objectReference: {fileID: 0}
    - target: {fileID: 740910835392918178, guid: 366c741715ea9d344b1a0f1b9a5de06e,
        type: 3}
      propertyPath: m_LocalEulerAnglesHint.z
      value: 0
      objectReference: {fileID: 0}
    m_RemovedComponents: []
  m_SourcePrefab: {fileID: 100100000, guid: 366c741715ea9d344b1a0f1b9a5de06e, type: 3}
--- !u!4 &5629630744309880122 stripped
Transform:
  m_CorrespondingSourceObject: {fileID: 740910835392918178, guid: 366c741715ea9d344b1a0f1b9a5de06e,
    type: 3}
  m_PrefabInstance: {fileID: 5629630744309880121}
  m_PrefabAsset: {fileID: 0}
--- !u!20 &5629630744402577576
Camera:
  m_ObjectHideFlags: 0
  m_CorrespondingSourceObject: {fileID: 0}
  m_PrefabInstance: {fileID: 0}
  m_PrefabAsset: {fileID: 0}
  m_GameObject: {fileID: 5629630744402577580}
  m_Enabled: 1
  serializedVersion: 2
  m_ClearFlags: 1
  m_BackGroundColor: {r: 0.19215687, g: 0.3019608, b: 0.4745098, a: 0}
  m_projectionMatrixMode: 1
  m_GateFitMode: 2
  m_FOVAxisMode: 0
  m_SensorSize: {x: 36, y: 24}
  m_LensShift: {x: 0, y: 0}
  m_FocalLength: 50
  m_NormalizedViewPortRect:
    serializedVersion: 2
    x: 0
    y: 0
    width: 1
    height: 1
  near clip plane: 0.3
  far clip plane: 1000
  field of view: 60
  orthographic: 1
  orthographic size: 5
  m_Depth: -1
  m_CullingMask:
    serializedVersion: 2
    m_Bits: 4294967295
  m_RenderingPath: -1
  m_TargetTexture: {fileID: 0}
  m_TargetDisplay: 0
  m_TargetEye: 3
  m_HDR: 1
  m_AllowMSAA: 1
  m_AllowDynamicResolution: 0
  m_ForceIntoRT: 0
  m_OcclusionCulling: 1
  m_StereoConvergence: 10
  m_StereoSeparation: 0.022
--- !u!114 &5629630744402577578
MonoBehaviour:
  m_ObjectHideFlags: 0
  m_CorrespondingSourceObject: {fileID: 0}
  m_PrefabInstance: {fileID: 0}
  m_PrefabAsset: {fileID: 0}
  m_GameObject: {fileID: 5629630744402577580}
  m_Enabled: 1
  m_EditorHideFlags: 0
  m_Script: {fileID: 11500000, guid: 67ba792e8f6bc2140907e5bb46fa6fa9, type: 3}
  m_Name: 
  m_EditorClassIdentifier: 
  target: {fileID: 0}
  smoothing: 0.1
  maxPosition: {x: 1.32, y: 5.2}
  minPosition: {x: -1.32, y: -5.2}
  angelicaBoss: 0
--- !u!81 &5629630744402577579
AudioListener:
  m_ObjectHideFlags: 0
  m_CorrespondingSourceObject: {fileID: 0}
  m_PrefabInstance: {fileID: 0}
  m_PrefabAsset: {fileID: 0}
  m_GameObject: {fileID: 5629630744402577580}
  m_Enabled: 1
--- !u!1 &5629630744402577580
GameObject:
  m_ObjectHideFlags: 0
  m_CorrespondingSourceObject: {fileID: 0}
  m_PrefabInstance: {fileID: 0}
  m_PrefabAsset: {fileID: 0}
  serializedVersion: 6
  m_Component:
  - component: {fileID: 5629630744402577581}
  - component: {fileID: 5629630744402577576}
  - component: {fileID: 5629630744402577579}
  - component: {fileID: 5629630744402577578}
  - component: {fileID: 9177575884700968928}
  m_Layer: 0
  m_Name: Main Camera
  m_TagString: MainCamera
  m_Icon: {fileID: 0}
  m_NavMeshLayer: 0
  m_StaticEditorFlags: 0
  m_IsActive: 1
--- !u!4 &5629630744402577581
Transform:
  m_ObjectHideFlags: 0
  m_CorrespondingSourceObject: {fileID: 0}
  m_PrefabInstance: {fileID: 0}
  m_PrefabAsset: {fileID: 0}
  m_GameObject: {fileID: 5629630744402577580}
  m_LocalRotation: {x: -0, y: -0, z: -0, w: 1}
  m_LocalPosition: {x: 1.34, y: -5.22, z: -10}
  m_LocalScale: {x: 1, y: 1, z: 1}
  m_Children: []
  m_Father: {fileID: 5629630743440726399}
  m_RootOrder: 7
  m_LocalEulerAnglesHint: {x: 0, y: 0, z: 0}
--- !u!1001 &5629630744420525121
PrefabInstance:
  m_ObjectHideFlags: 0
  serializedVersion: 2
  m_Modification:
    m_TransformParent: {fileID: 5629630744780506466}
    m_Modifications:
    - target: {fileID: 3315859373630774680, guid: 60c1b12049dd3c44caed471ecb62cc4f,
        type: 3}
      propertyPath: m_Name
      value: small_chair (1)
      objectReference: {fileID: 0}
    - target: {fileID: 3315859373630774682, guid: 60c1b12049dd3c44caed471ecb62cc4f,
        type: 3}
      propertyPath: m_LocalPosition.x
      value: 5.3454785
      objectReference: {fileID: 0}
    - target: {fileID: 3315859373630774682, guid: 60c1b12049dd3c44caed471ecb62cc4f,
        type: 3}
      propertyPath: m_LocalPosition.y
      value: -2.2472372
      objectReference: {fileID: 0}
    - target: {fileID: 3315859373630774682, guid: 60c1b12049dd3c44caed471ecb62cc4f,
        type: 3}
      propertyPath: m_LocalPosition.z
      value: 0
      objectReference: {fileID: 0}
    - target: {fileID: 3315859373630774682, guid: 60c1b12049dd3c44caed471ecb62cc4f,
        type: 3}
      propertyPath: m_LocalRotation.x
      value: -0
      objectReference: {fileID: 0}
    - target: {fileID: 3315859373630774682, guid: 60c1b12049dd3c44caed471ecb62cc4f,
        type: 3}
      propertyPath: m_LocalRotation.y
      value: -0
      objectReference: {fileID: 0}
    - target: {fileID: 3315859373630774682, guid: 60c1b12049dd3c44caed471ecb62cc4f,
        type: 3}
      propertyPath: m_LocalRotation.z
      value: -0
      objectReference: {fileID: 0}
    - target: {fileID: 3315859373630774682, guid: 60c1b12049dd3c44caed471ecb62cc4f,
        type: 3}
      propertyPath: m_LocalRotation.w
      value: 1
      objectReference: {fileID: 0}
    - target: {fileID: 3315859373630774682, guid: 60c1b12049dd3c44caed471ecb62cc4f,
        type: 3}
      propertyPath: m_RootOrder
      value: 3
      objectReference: {fileID: 0}
    - target: {fileID: 3315859373630774682, guid: 60c1b12049dd3c44caed471ecb62cc4f,
        type: 3}
      propertyPath: m_LocalEulerAnglesHint.x
      value: 0
      objectReference: {fileID: 0}
    - target: {fileID: 3315859373630774682, guid: 60c1b12049dd3c44caed471ecb62cc4f,
        type: 3}
      propertyPath: m_LocalEulerAnglesHint.y
      value: 0
      objectReference: {fileID: 0}
    - target: {fileID: 3315859373630774682, guid: 60c1b12049dd3c44caed471ecb62cc4f,
        type: 3}
      propertyPath: m_LocalEulerAnglesHint.z
      value: 0
      objectReference: {fileID: 0}
    m_RemovedComponents: []
  m_SourcePrefab: {fileID: 100100000, guid: 60c1b12049dd3c44caed471ecb62cc4f, type: 3}
--- !u!4 &5629630744420525122 stripped
Transform:
  m_CorrespondingSourceObject: {fileID: 3315859373630774682, guid: 60c1b12049dd3c44caed471ecb62cc4f,
    type: 3}
  m_PrefabInstance: {fileID: 5629630744420525121}
  m_PrefabAsset: {fileID: 0}
--- !u!1001 &5629630744734432468
PrefabInstance:
  m_ObjectHideFlags: 0
  serializedVersion: 2
  m_Modification:
    m_TransformParent: {fileID: 5629630745119562888}
    m_Modifications:
    - target: {fileID: 740910835392918176, guid: 366c741715ea9d344b1a0f1b9a5de06e,
        type: 3}
      propertyPath: m_Name
      value: chair (3)
      objectReference: {fileID: 0}
    - target: {fileID: 740910835392918178, guid: 366c741715ea9d344b1a0f1b9a5de06e,
        type: 3}
      propertyPath: m_LocalPosition.x
      value: -0.06
      objectReference: {fileID: 0}
    - target: {fileID: 740910835392918178, guid: 366c741715ea9d344b1a0f1b9a5de06e,
        type: 3}
      propertyPath: m_LocalPosition.y
      value: 4.379359
      objectReference: {fileID: 0}
    - target: {fileID: 740910835392918178, guid: 366c741715ea9d344b1a0f1b9a5de06e,
        type: 3}
      propertyPath: m_LocalPosition.z
      value: 0
      objectReference: {fileID: 0}
    - target: {fileID: 740910835392918178, guid: 366c741715ea9d344b1a0f1b9a5de06e,
        type: 3}
      propertyPath: m_LocalRotation.x
      value: -0
      objectReference: {fileID: 0}
    - target: {fileID: 740910835392918178, guid: 366c741715ea9d344b1a0f1b9a5de06e,
        type: 3}
      propertyPath: m_LocalRotation.y
      value: -0
      objectReference: {fileID: 0}
    - target: {fileID: 740910835392918178, guid: 366c741715ea9d344b1a0f1b9a5de06e,
        type: 3}
      propertyPath: m_LocalRotation.z
      value: -0
      objectReference: {fileID: 0}
    - target: {fileID: 740910835392918178, guid: 366c741715ea9d344b1a0f1b9a5de06e,
        type: 3}
      propertyPath: m_LocalRotation.w
      value: 1
      objectReference: {fileID: 0}
    - target: {fileID: 740910835392918178, guid: 366c741715ea9d344b1a0f1b9a5de06e,
        type: 3}
      propertyPath: m_RootOrder
      value: 6
      objectReference: {fileID: 0}
    - target: {fileID: 740910835392918178, guid: 366c741715ea9d344b1a0f1b9a5de06e,
        type: 3}
      propertyPath: m_LocalEulerAnglesHint.x
      value: 0
      objectReference: {fileID: 0}
    - target: {fileID: 740910835392918178, guid: 366c741715ea9d344b1a0f1b9a5de06e,
        type: 3}
      propertyPath: m_LocalEulerAnglesHint.y
      value: 0
      objectReference: {fileID: 0}
    - target: {fileID: 740910835392918178, guid: 366c741715ea9d344b1a0f1b9a5de06e,
        type: 3}
      propertyPath: m_LocalEulerAnglesHint.z
      value: 0
      objectReference: {fileID: 0}
    m_RemovedComponents: []
  m_SourcePrefab: {fileID: 100100000, guid: 366c741715ea9d344b1a0f1b9a5de06e, type: 3}
--- !u!4 &5629630744734432469 stripped
Transform:
  m_CorrespondingSourceObject: {fileID: 740910835392918178, guid: 366c741715ea9d344b1a0f1b9a5de06e,
    type: 3}
  m_PrefabInstance: {fileID: 5629630744734432468}
  m_PrefabAsset: {fileID: 0}
--- !u!4 &5629630744780506466
Transform:
  m_ObjectHideFlags: 0
  m_CorrespondingSourceObject: {fileID: 0}
  m_PrefabInstance: {fileID: 0}
  m_PrefabAsset: {fileID: 0}
  m_GameObject: {fileID: 5629630744780506469}
  m_LocalRotation: {x: -0, y: -0, z: -0, w: 1}
  m_LocalPosition: {x: 0, y: 0, z: 0}
  m_LocalScale: {x: 1, y: 1, z: 1}
  m_Children:
  - {fileID: 3183522871097308546}
  - {fileID: 5629630744123195755}
  - {fileID: 5629630744272625882}
  - {fileID: 5629630744420525122}
  m_Father: {fileID: 5629630743440726399}
  m_RootOrder: 2
  m_LocalEulerAnglesHint: {x: 0, y: 0, z: 0}
--- !u!1 &5629630744780506469
GameObject:
  m_ObjectHideFlags: 0
  m_CorrespondingSourceObject: {fileID: 0}
  m_PrefabInstance: {fileID: 0}
  m_PrefabAsset: {fileID: 0}
  serializedVersion: 6
  m_Component:
  - component: {fileID: 5629630744780506466}
  m_Layer: 0
  m_Name: small_locker
  m_TagString: Untagged
  m_Icon: {fileID: 0}
  m_NavMeshLayer: 0
  m_StaticEditorFlags: 0
  m_IsActive: 1
--- !u!1001 &5629630744955104810
PrefabInstance:
  m_ObjectHideFlags: 0
  serializedVersion: 2
  m_Modification:
    m_TransformParent: {fileID: 5629630745119562888}
    m_Modifications:
    - target: {fileID: 3315859373630774680, guid: 60c1b12049dd3c44caed471ecb62cc4f,
        type: 3}
      propertyPath: m_Name
      value: small_chair (3)
      objectReference: {fileID: 0}
    - target: {fileID: 3315859373630774682, guid: 60c1b12049dd3c44caed471ecb62cc4f,
        type: 3}
      propertyPath: m_LocalPosition.x
      value: 2.768395
      objectReference: {fileID: 0}
    - target: {fileID: 3315859373630774682, guid: 60c1b12049dd3c44caed471ecb62cc4f,
        type: 3}
      propertyPath: m_LocalPosition.y
      value: -2.2421186
      objectReference: {fileID: 0}
    - target: {fileID: 3315859373630774682, guid: 60c1b12049dd3c44caed471ecb62cc4f,
        type: 3}
      propertyPath: m_LocalPosition.z
      value: 0
      objectReference: {fileID: 0}
    - target: {fileID: 3315859373630774682, guid: 60c1b12049dd3c44caed471ecb62cc4f,
        type: 3}
      propertyPath: m_LocalRotation.x
      value: -0
      objectReference: {fileID: 0}
    - target: {fileID: 3315859373630774682, guid: 60c1b12049dd3c44caed471ecb62cc4f,
        type: 3}
      propertyPath: m_LocalRotation.y
      value: -0
      objectReference: {fileID: 0}
    - target: {fileID: 3315859373630774682, guid: 60c1b12049dd3c44caed471ecb62cc4f,
        type: 3}
      propertyPath: m_LocalRotation.z
      value: -0
      objectReference: {fileID: 0}
    - target: {fileID: 3315859373630774682, guid: 60c1b12049dd3c44caed471ecb62cc4f,
        type: 3}
      propertyPath: m_LocalRotation.w
      value: 1
      objectReference: {fileID: 0}
    - target: {fileID: 3315859373630774682, guid: 60c1b12049dd3c44caed471ecb62cc4f,
        type: 3}
      propertyPath: m_RootOrder
      value: 2
      objectReference: {fileID: 0}
    - target: {fileID: 3315859373630774682, guid: 60c1b12049dd3c44caed471ecb62cc4f,
        type: 3}
      propertyPath: m_LocalEulerAnglesHint.x
      value: 0
      objectReference: {fileID: 0}
    - target: {fileID: 3315859373630774682, guid: 60c1b12049dd3c44caed471ecb62cc4f,
        type: 3}
      propertyPath: m_LocalEulerAnglesHint.y
      value: 0
      objectReference: {fileID: 0}
    - target: {fileID: 3315859373630774682, guid: 60c1b12049dd3c44caed471ecb62cc4f,
        type: 3}
      propertyPath: m_LocalEulerAnglesHint.z
      value: 0
      objectReference: {fileID: 0}
    m_RemovedComponents: []
  m_SourcePrefab: {fileID: 100100000, guid: 60c1b12049dd3c44caed471ecb62cc4f, type: 3}
--- !u!4 &5629630744955104811 stripped
Transform:
  m_CorrespondingSourceObject: {fileID: 3315859373630774682, guid: 60c1b12049dd3c44caed471ecb62cc4f,
    type: 3}
  m_PrefabInstance: {fileID: 5629630744955104810}
  m_PrefabAsset: {fileID: 0}
--- !u!1001 &5629630744966796438
PrefabInstance:
  m_ObjectHideFlags: 0
  serializedVersion: 2
  m_Modification:
    m_TransformParent: {fileID: 5629630745119562888}
    m_Modifications:
    - target: {fileID: 740910835392918176, guid: 366c741715ea9d344b1a0f1b9a5de06e,
        type: 3}
      propertyPath: m_Name
      value: chair (1)
      objectReference: {fileID: 0}
    - target: {fileID: 740910835392918178, guid: 366c741715ea9d344b1a0f1b9a5de06e,
        type: 3}
      propertyPath: m_LocalPosition.x
      value: 4.2690516
      objectReference: {fileID: 0}
    - target: {fileID: 740910835392918178, guid: 366c741715ea9d344b1a0f1b9a5de06e,
        type: 3}
      propertyPath: m_LocalPosition.y
      value: 3.1514306
      objectReference: {fileID: 0}
    - target: {fileID: 740910835392918178, guid: 366c741715ea9d344b1a0f1b9a5de06e,
        type: 3}
      propertyPath: m_LocalPosition.z
      value: 0
      objectReference: {fileID: 0}
    - target: {fileID: 740910835392918178, guid: 366c741715ea9d344b1a0f1b9a5de06e,
        type: 3}
      propertyPath: m_LocalRotation.x
      value: -0
      objectReference: {fileID: 0}
    - target: {fileID: 740910835392918178, guid: 366c741715ea9d344b1a0f1b9a5de06e,
        type: 3}
      propertyPath: m_LocalRotation.y
      value: -0
      objectReference: {fileID: 0}
    - target: {fileID: 740910835392918178, guid: 366c741715ea9d344b1a0f1b9a5de06e,
        type: 3}
      propertyPath: m_LocalRotation.z
      value: -0
      objectReference: {fileID: 0}
    - target: {fileID: 740910835392918178, guid: 366c741715ea9d344b1a0f1b9a5de06e,
        type: 3}
      propertyPath: m_LocalRotation.w
      value: 1
      objectReference: {fileID: 0}
    - target: {fileID: 740910835392918178, guid: 366c741715ea9d344b1a0f1b9a5de06e,
        type: 3}
      propertyPath: m_RootOrder
      value: 4
      objectReference: {fileID: 0}
    - target: {fileID: 740910835392918178, guid: 366c741715ea9d344b1a0f1b9a5de06e,
        type: 3}
      propertyPath: m_LocalEulerAnglesHint.x
      value: 0
      objectReference: {fileID: 0}
    - target: {fileID: 740910835392918178, guid: 366c741715ea9d344b1a0f1b9a5de06e,
        type: 3}
      propertyPath: m_LocalEulerAnglesHint.y
      value: 0
      objectReference: {fileID: 0}
    - target: {fileID: 740910835392918178, guid: 366c741715ea9d344b1a0f1b9a5de06e,
        type: 3}
      propertyPath: m_LocalEulerAnglesHint.z
      value: 0
      objectReference: {fileID: 0}
    m_RemovedComponents: []
  m_SourcePrefab: {fileID: 100100000, guid: 366c741715ea9d344b1a0f1b9a5de06e, type: 3}
--- !u!4 &5629630744966796439 stripped
Transform:
  m_CorrespondingSourceObject: {fileID: 740910835392918178, guid: 366c741715ea9d344b1a0f1b9a5de06e,
    type: 3}
  m_PrefabInstance: {fileID: 5629630744966796438}
  m_PrefabAsset: {fileID: 0}
--- !u!4 &5629630745119562888
Transform:
  m_ObjectHideFlags: 0
  m_CorrespondingSourceObject: {fileID: 0}
  m_PrefabInstance: {fileID: 0}
  m_PrefabAsset: {fileID: 0}
  m_GameObject: {fileID: 5629630745119562891}
  m_LocalRotation: {x: -0, y: -0, z: -0, w: 1}
  m_LocalPosition: {x: 0, y: 0, z: 0}
  m_LocalScale: {x: 1, y: 1, z: 1}
  m_Children:
  - {fileID: 5629630745395390006}
  - {fileID: 5629630745322925926}
  - {fileID: 5629630744955104811}
  - {fileID: 5629630744160100782}
  - {fileID: 5629630744966796439}
  - {fileID: 5629630744309880122}
  - {fileID: 5629630744734432469}
  - {fileID: 5629630743521223166}
  - {fileID: 5629630745289603053}
  - {fileID: 6927727950941444204}
  - {fileID: 4929270259860770116}
  m_Father: {fileID: 5629630743440726399}
  m_RootOrder: 1
  m_LocalEulerAnglesHint: {x: 0, y: 0, z: 0}
--- !u!1 &5629630745119562891
GameObject:
  m_ObjectHideFlags: 0
  m_CorrespondingSourceObject: {fileID: 0}
  m_PrefabInstance: {fileID: 0}
  m_PrefabAsset: {fileID: 0}
  serializedVersion: 6
  m_Component:
  - component: {fileID: 5629630745119562888}
  m_Layer: 0
  m_Name: Chair
  m_TagString: Untagged
  m_Icon: {fileID: 0}
  m_NavMeshLayer: 0
  m_StaticEditorFlags: 0
  m_IsActive: 1
--- !u!1001 &5629630745289603052
PrefabInstance:
  m_ObjectHideFlags: 0
  serializedVersion: 2
  m_Modification:
    m_TransformParent: {fileID: 5629630745119562888}
    m_Modifications:
    - target: {fileID: 3315859373630774680, guid: 60c1b12049dd3c44caed471ecb62cc4f,
        type: 3}
      propertyPath: m_Name
      value: small_chair (5)
      objectReference: {fileID: 0}
    - target: {fileID: 3315859373630774682, guid: 60c1b12049dd3c44caed471ecb62cc4f,
        type: 3}
      propertyPath: m_LocalPosition.x
      value: 0.335
      objectReference: {fileID: 0}
    - target: {fileID: 3315859373630774682, guid: 60c1b12049dd3c44caed471ecb62cc4f,
        type: 3}
      propertyPath: m_LocalPosition.y
      value: -3.1028554
      objectReference: {fileID: 0}
    - target: {fileID: 3315859373630774682, guid: 60c1b12049dd3c44caed471ecb62cc4f,
        type: 3}
      propertyPath: m_LocalPosition.z
      value: 0
      objectReference: {fileID: 0}
    - target: {fileID: 3315859373630774682, guid: 60c1b12049dd3c44caed471ecb62cc4f,
        type: 3}
      propertyPath: m_LocalRotation.x
      value: -0
      objectReference: {fileID: 0}
    - target: {fileID: 3315859373630774682, guid: 60c1b12049dd3c44caed471ecb62cc4f,
        type: 3}
      propertyPath: m_LocalRotation.y
      value: -0
      objectReference: {fileID: 0}
    - target: {fileID: 3315859373630774682, guid: 60c1b12049dd3c44caed471ecb62cc4f,
        type: 3}
      propertyPath: m_LocalRotation.z
      value: -0
      objectReference: {fileID: 0}
    - target: {fileID: 3315859373630774682, guid: 60c1b12049dd3c44caed471ecb62cc4f,
        type: 3}
      propertyPath: m_LocalRotation.w
      value: 1
      objectReference: {fileID: 0}
    - target: {fileID: 3315859373630774682, guid: 60c1b12049dd3c44caed471ecb62cc4f,
        type: 3}
      propertyPath: m_RootOrder
      value: 8
      objectReference: {fileID: 0}
    - target: {fileID: 3315859373630774682, guid: 60c1b12049dd3c44caed471ecb62cc4f,
        type: 3}
      propertyPath: m_LocalEulerAnglesHint.x
      value: 0
      objectReference: {fileID: 0}
    - target: {fileID: 3315859373630774682, guid: 60c1b12049dd3c44caed471ecb62cc4f,
        type: 3}
      propertyPath: m_LocalEulerAnglesHint.y
      value: 0
      objectReference: {fileID: 0}
    - target: {fileID: 3315859373630774682, guid: 60c1b12049dd3c44caed471ecb62cc4f,
        type: 3}
      propertyPath: m_LocalEulerAnglesHint.z
      value: 0
      objectReference: {fileID: 0}
    m_RemovedComponents: []
  m_SourcePrefab: {fileID: 100100000, guid: 60c1b12049dd3c44caed471ecb62cc4f, type: 3}
--- !u!4 &5629630745289603053 stripped
Transform:
  m_CorrespondingSourceObject: {fileID: 3315859373630774682, guid: 60c1b12049dd3c44caed471ecb62cc4f,
    type: 3}
  m_PrefabInstance: {fileID: 5629630745289603052}
  m_PrefabAsset: {fileID: 0}
--- !u!1001 &5629630745322925925
PrefabInstance:
  m_ObjectHideFlags: 0
  serializedVersion: 2
  m_Modification:
    m_TransformParent: {fileID: 5629630745119562888}
    m_Modifications:
    - target: {fileID: 3315859373630774680, guid: 60c1b12049dd3c44caed471ecb62cc4f,
        type: 3}
      propertyPath: m_Name
      value: small_chair (2)
      objectReference: {fileID: 0}
    - target: {fileID: 3315859373630774682, guid: 60c1b12049dd3c44caed471ecb62cc4f,
        type: 3}
      propertyPath: m_LocalPosition.x
      value: 4.0594983
      objectReference: {fileID: 0}
    - target: {fileID: 3315859373630774682, guid: 60c1b12049dd3c44caed471ecb62cc4f,
        type: 3}
      propertyPath: m_LocalPosition.y
      value: -3.107973
      objectReference: {fileID: 0}
    - target: {fileID: 3315859373630774682, guid: 60c1b12049dd3c44caed471ecb62cc4f,
        type: 3}
      propertyPath: m_LocalPosition.z
      value: 0
      objectReference: {fileID: 0}
    - target: {fileID: 3315859373630774682, guid: 60c1b12049dd3c44caed471ecb62cc4f,
        type: 3}
      propertyPath: m_LocalRotation.x
      value: -0
      objectReference: {fileID: 0}
    - target: {fileID: 3315859373630774682, guid: 60c1b12049dd3c44caed471ecb62cc4f,
        type: 3}
      propertyPath: m_LocalRotation.y
      value: -0
      objectReference: {fileID: 0}
    - target: {fileID: 3315859373630774682, guid: 60c1b12049dd3c44caed471ecb62cc4f,
        type: 3}
      propertyPath: m_LocalRotation.z
      value: -0
      objectReference: {fileID: 0}
    - target: {fileID: 3315859373630774682, guid: 60c1b12049dd3c44caed471ecb62cc4f,
        type: 3}
      propertyPath: m_LocalRotation.w
      value: 1
      objectReference: {fileID: 0}
    - target: {fileID: 3315859373630774682, guid: 60c1b12049dd3c44caed471ecb62cc4f,
        type: 3}
      propertyPath: m_RootOrder
      value: 1
      objectReference: {fileID: 0}
    - target: {fileID: 3315859373630774682, guid: 60c1b12049dd3c44caed471ecb62cc4f,
        type: 3}
      propertyPath: m_LocalEulerAnglesHint.x
      value: 0
      objectReference: {fileID: 0}
    - target: {fileID: 3315859373630774682, guid: 60c1b12049dd3c44caed471ecb62cc4f,
        type: 3}
      propertyPath: m_LocalEulerAnglesHint.y
      value: 0
      objectReference: {fileID: 0}
    - target: {fileID: 3315859373630774682, guid: 60c1b12049dd3c44caed471ecb62cc4f,
        type: 3}
      propertyPath: m_LocalEulerAnglesHint.z
      value: 0
      objectReference: {fileID: 0}
    m_RemovedComponents: []
  m_SourcePrefab: {fileID: 100100000, guid: 60c1b12049dd3c44caed471ecb62cc4f, type: 3}
--- !u!4 &5629630745322925926 stripped
Transform:
  m_CorrespondingSourceObject: {fileID: 3315859373630774682, guid: 60c1b12049dd3c44caed471ecb62cc4f,
    type: 3}
  m_PrefabInstance: {fileID: 5629630745322925925}
  m_PrefabAsset: {fileID: 0}
--- !u!1001 &5629630745395390005
PrefabInstance:
  m_ObjectHideFlags: 0
  serializedVersion: 2
  m_Modification:
    m_TransformParent: {fileID: 5629630745119562888}
    m_Modifications:
    - target: {fileID: 740910835392918176, guid: 366c741715ea9d344b1a0f1b9a5de06e,
        type: 3}
      propertyPath: m_Name
      value: chair (4)
      objectReference: {fileID: 0}
    - target: {fileID: 740910835392918178, guid: 366c741715ea9d344b1a0f1b9a5de06e,
        type: 3}
      propertyPath: m_LocalPosition.x
      value: -5.43
      objectReference: {fileID: 0}
    - target: {fileID: 740910835392918178, guid: 366c741715ea9d344b1a0f1b9a5de06e,
        type: 3}
      propertyPath: m_LocalPosition.y
      value: 3.95
      objectReference: {fileID: 0}
    - target: {fileID: 740910835392918178, guid: 366c741715ea9d344b1a0f1b9a5de06e,
        type: 3}
      propertyPath: m_LocalPosition.z
      value: 0
      objectReference: {fileID: 0}
    - target: {fileID: 740910835392918178, guid: 366c741715ea9d344b1a0f1b9a5de06e,
        type: 3}
      propertyPath: m_LocalRotation.x
      value: -0
      objectReference: {fileID: 0}
    - target: {fileID: 740910835392918178, guid: 366c741715ea9d344b1a0f1b9a5de06e,
        type: 3}
      propertyPath: m_LocalRotation.y
      value: -0
      objectReference: {fileID: 0}
    - target: {fileID: 740910835392918178, guid: 366c741715ea9d344b1a0f1b9a5de06e,
        type: 3}
      propertyPath: m_LocalRotation.z
      value: -0
      objectReference: {fileID: 0}
    - target: {fileID: 740910835392918178, guid: 366c741715ea9d344b1a0f1b9a5de06e,
        type: 3}
      propertyPath: m_LocalRotation.w
      value: 1
      objectReference: {fileID: 0}
    - target: {fileID: 740910835392918178, guid: 366c741715ea9d344b1a0f1b9a5de06e,
        type: 3}
      propertyPath: m_RootOrder
      value: 0
      objectReference: {fileID: 0}
    - target: {fileID: 740910835392918178, guid: 366c741715ea9d344b1a0f1b9a5de06e,
        type: 3}
      propertyPath: m_LocalEulerAnglesHint.x
      value: 0
      objectReference: {fileID: 0}
    - target: {fileID: 740910835392918178, guid: 366c741715ea9d344b1a0f1b9a5de06e,
        type: 3}
      propertyPath: m_LocalEulerAnglesHint.y
      value: 0
      objectReference: {fileID: 0}
    - target: {fileID: 740910835392918178, guid: 366c741715ea9d344b1a0f1b9a5de06e,
        type: 3}
      propertyPath: m_LocalEulerAnglesHint.z
      value: 0
      objectReference: {fileID: 0}
    m_RemovedComponents: []
  m_SourcePrefab: {fileID: 100100000, guid: 366c741715ea9d344b1a0f1b9a5de06e, type: 3}
--- !u!4 &5629630745395390006 stripped
Transform:
  m_CorrespondingSourceObject: {fileID: 740910835392918178, guid: 366c741715ea9d344b1a0f1b9a5de06e,
    type: 3}
  m_PrefabInstance: {fileID: 5629630745395390005}
  m_PrefabAsset: {fileID: 0}
--- !u!1001 &6927727950941444203
PrefabInstance:
  m_ObjectHideFlags: 0
  serializedVersion: 2
  m_Modification:
    m_TransformParent: {fileID: 5629630745119562888}
    m_Modifications:
    - target: {fileID: 3315859373630774680, guid: 60c1b12049dd3c44caed471ecb62cc4f,
        type: 3}
      propertyPath: m_Name
      value: small_chair
      objectReference: {fileID: 0}
    - target: {fileID: 3315859373630774682, guid: 60c1b12049dd3c44caed471ecb62cc4f,
        type: 3}
      propertyPath: m_LocalPosition.x
      value: 4.04
      objectReference: {fileID: 0}
    - target: {fileID: 3315859373630774682, guid: 60c1b12049dd3c44caed471ecb62cc4f,
        type: 3}
      propertyPath: m_LocalPosition.y
      value: -1.11
      objectReference: {fileID: 0}
    - target: {fileID: 3315859373630774682, guid: 60c1b12049dd3c44caed471ecb62cc4f,
        type: 3}
      propertyPath: m_LocalPosition.z
      value: 0
      objectReference: {fileID: 0}
    - target: {fileID: 3315859373630774682, guid: 60c1b12049dd3c44caed471ecb62cc4f,
        type: 3}
      propertyPath: m_LocalRotation.x
      value: -0
      objectReference: {fileID: 0}
    - target: {fileID: 3315859373630774682, guid: 60c1b12049dd3c44caed471ecb62cc4f,
        type: 3}
      propertyPath: m_LocalRotation.y
      value: -0
      objectReference: {fileID: 0}
    - target: {fileID: 3315859373630774682, guid: 60c1b12049dd3c44caed471ecb62cc4f,
        type: 3}
      propertyPath: m_LocalRotation.z
      value: -0
      objectReference: {fileID: 0}
    - target: {fileID: 3315859373630774682, guid: 60c1b12049dd3c44caed471ecb62cc4f,
        type: 3}
      propertyPath: m_LocalRotation.w
      value: 1
      objectReference: {fileID: 0}
    - target: {fileID: 3315859373630774682, guid: 60c1b12049dd3c44caed471ecb62cc4f,
        type: 3}
      propertyPath: m_RootOrder
      value: 9
      objectReference: {fileID: 0}
    - target: {fileID: 3315859373630774682, guid: 60c1b12049dd3c44caed471ecb62cc4f,
        type: 3}
      propertyPath: m_LocalEulerAnglesHint.x
      value: 0
      objectReference: {fileID: 0}
    - target: {fileID: 3315859373630774682, guid: 60c1b12049dd3c44caed471ecb62cc4f,
        type: 3}
      propertyPath: m_LocalEulerAnglesHint.y
      value: 0
      objectReference: {fileID: 0}
    - target: {fileID: 3315859373630774682, guid: 60c1b12049dd3c44caed471ecb62cc4f,
        type: 3}
      propertyPath: m_LocalEulerAnglesHint.z
      value: 0
      objectReference: {fileID: 0}
    m_RemovedComponents: []
  m_SourcePrefab: {fileID: 100100000, guid: 60c1b12049dd3c44caed471ecb62cc4f, type: 3}
--- !u!4 &6927727950941444204 stripped
Transform:
  m_CorrespondingSourceObject: {fileID: 3315859373630774682, guid: 60c1b12049dd3c44caed471ecb62cc4f,
    type: 3}
  m_PrefabInstance: {fileID: 6927727950941444203}
  m_PrefabAsset: {fileID: 0}
--- !u!1001 &7249749986205098548
PrefabInstance:
  m_ObjectHideFlags: 0
  serializedVersion: 2
  m_Modification:
    m_TransformParent: {fileID: 5629630743440726399}
    m_Modifications:
    - target: {fileID: 3079404853818701058, guid: a8daf806acfb1bd4ea6e30739e48c5ca,
        type: 3}
      propertyPath: m_LocalPosition.x
      value: -4.879
      objectReference: {fileID: 0}
    - target: {fileID: 3079404853818701058, guid: a8daf806acfb1bd4ea6e30739e48c5ca,
        type: 3}
      propertyPath: m_LocalPosition.y
      value: 4.047
      objectReference: {fileID: 0}
    - target: {fileID: 3079404853818701058, guid: a8daf806acfb1bd4ea6e30739e48c5ca,
        type: 3}
      propertyPath: m_LocalPosition.z
      value: 0
      objectReference: {fileID: 0}
    - target: {fileID: 3079404853818701058, guid: a8daf806acfb1bd4ea6e30739e48c5ca,
        type: 3}
      propertyPath: m_LocalRotation.x
      value: -0
      objectReference: {fileID: 0}
    - target: {fileID: 3079404853818701058, guid: a8daf806acfb1bd4ea6e30739e48c5ca,
        type: 3}
      propertyPath: m_LocalRotation.y
      value: -0
      objectReference: {fileID: 0}
    - target: {fileID: 3079404853818701058, guid: a8daf806acfb1bd4ea6e30739e48c5ca,
        type: 3}
      propertyPath: m_LocalRotation.z
      value: -0
      objectReference: {fileID: 0}
    - target: {fileID: 3079404853818701058, guid: a8daf806acfb1bd4ea6e30739e48c5ca,
        type: 3}
      propertyPath: m_LocalRotation.w
      value: 1
      objectReference: {fileID: 0}
    - target: {fileID: 3079404853818701058, guid: a8daf806acfb1bd4ea6e30739e48c5ca,
        type: 3}
      propertyPath: m_RootOrder
      value: 6
      objectReference: {fileID: 0}
    - target: {fileID: 3079404853818701058, guid: a8daf806acfb1bd4ea6e30739e48c5ca,
        type: 3}
      propertyPath: m_LocalEulerAnglesHint.x
      value: 0
      objectReference: {fileID: 0}
    - target: {fileID: 3079404853818701058, guid: a8daf806acfb1bd4ea6e30739e48c5ca,
        type: 3}
      propertyPath: m_LocalEulerAnglesHint.y
      value: 0
      objectReference: {fileID: 0}
    - target: {fileID: 3079404853818701058, guid: a8daf806acfb1bd4ea6e30739e48c5ca,
        type: 3}
      propertyPath: m_LocalEulerAnglesHint.z
      value: 0
      objectReference: {fileID: 0}
    - target: {fileID: 3079404853818701068, guid: a8daf806acfb1bd4ea6e30739e48c5ca,
        type: 3}
      propertyPath: m_Name
      value: pillar
      objectReference: {fileID: 0}
    m_RemovedComponents: []
  m_SourcePrefab: {fileID: 100100000, guid: a8daf806acfb1bd4ea6e30739e48c5ca, type: 3}
--- !u!4 &7249749986205098549 stripped
Transform:
  m_CorrespondingSourceObject: {fileID: 3079404853818701058, guid: a8daf806acfb1bd4ea6e30739e48c5ca,
    type: 3}
  m_PrefabInstance: {fileID: 7249749986205098548}
  m_PrefabAsset: {fileID: 0}
--- !u!1001 &7733759364950792480
PrefabInstance:
  m_ObjectHideFlags: 0
  serializedVersion: 2
  m_Modification:
    m_TransformParent: {fileID: 5629630743447933767}
    m_Modifications:
    - target: {fileID: 2698679268570719211, guid: 575e314cd727769469e5877aeb1e8847,
        type: 3}
      propertyPath: m_LocalPosition.x
      value: -3.55
      objectReference: {fileID: 0}
    - target: {fileID: 2698679268570719211, guid: 575e314cd727769469e5877aeb1e8847,
        type: 3}
      propertyPath: m_LocalPosition.y
      value: -3.99
      objectReference: {fileID: 0}
    - target: {fileID: 2698679268570719211, guid: 575e314cd727769469e5877aeb1e8847,
        type: 3}
      propertyPath: m_LocalPosition.z
      value: 0
      objectReference: {fileID: 0}
    - target: {fileID: 2698679268570719211, guid: 575e314cd727769469e5877aeb1e8847,
        type: 3}
      propertyPath: m_LocalRotation.x
      value: -0
      objectReference: {fileID: 0}
    - target: {fileID: 2698679268570719211, guid: 575e314cd727769469e5877aeb1e8847,
        type: 3}
      propertyPath: m_LocalRotation.y
      value: -0
      objectReference: {fileID: 0}
    - target: {fileID: 2698679268570719211, guid: 575e314cd727769469e5877aeb1e8847,
        type: 3}
      propertyPath: m_LocalRotation.z
      value: -0
      objectReference: {fileID: 0}
    - target: {fileID: 2698679268570719211, guid: 575e314cd727769469e5877aeb1e8847,
        type: 3}
      propertyPath: m_LocalRotation.w
      value: 1
      objectReference: {fileID: 0}
    - target: {fileID: 2698679268570719211, guid: 575e314cd727769469e5877aeb1e8847,
        type: 3}
      propertyPath: m_RootOrder
      value: 1
      objectReference: {fileID: 0}
    - target: {fileID: 2698679268570719211, guid: 575e314cd727769469e5877aeb1e8847,
        type: 3}
      propertyPath: m_LocalEulerAnglesHint.x
      value: 0
      objectReference: {fileID: 0}
    - target: {fileID: 2698679268570719211, guid: 575e314cd727769469e5877aeb1e8847,
        type: 3}
      propertyPath: m_LocalEulerAnglesHint.y
      value: 0
      objectReference: {fileID: 0}
    - target: {fileID: 2698679268570719211, guid: 575e314cd727769469e5877aeb1e8847,
        type: 3}
      propertyPath: m_LocalEulerAnglesHint.z
      value: 0
      objectReference: {fileID: 0}
    - target: {fileID: 2698679268570719213, guid: 575e314cd727769469e5877aeb1e8847,
        type: 3}
      propertyPath: m_Name
      value: locker
      objectReference: {fileID: 0}
    m_RemovedComponents: []
  m_SourcePrefab: {fileID: 100100000, guid: 575e314cd727769469e5877aeb1e8847, type: 3}
--- !u!4 &7733759364950792481 stripped
Transform:
  m_CorrespondingSourceObject: {fileID: 2698679268570719211, guid: 575e314cd727769469e5877aeb1e8847,
    type: 3}
  m_PrefabInstance: {fileID: 7733759364950792480}
  m_PrefabAsset: {fileID: 0}
--- !u!1001 &8764236526865688990
PrefabInstance:
  m_ObjectHideFlags: 0
  serializedVersion: 2
  m_Modification:
    m_TransformParent: {fileID: 5629630743440726399}
    m_Modifications:
    - target: {fileID: 3999378963515879610, guid: 251b186ac089b4d4182a7c4f25dc6f12,
        type: 3}
      propertyPath: m_Name
      value: bed
      objectReference: {fileID: 0}
    - target: {fileID: 3999378963515879612, guid: 251b186ac089b4d4182a7c4f25dc6f12,
        type: 3}
      propertyPath: m_LocalPosition.x
      value: -3.62
      objectReference: {fileID: 0}
    - target: {fileID: 3999378963515879612, guid: 251b186ac089b4d4182a7c4f25dc6f12,
        type: 3}
      propertyPath: m_LocalPosition.y
      value: 4.69
      objectReference: {fileID: 0}
    - target: {fileID: 3999378963515879612, guid: 251b186ac089b4d4182a7c4f25dc6f12,
        type: 3}
      propertyPath: m_LocalPosition.z
      value: 0
      objectReference: {fileID: 0}
    - target: {fileID: 3999378963515879612, guid: 251b186ac089b4d4182a7c4f25dc6f12,
        type: 3}
      propertyPath: m_LocalRotation.x
      value: -0
      objectReference: {fileID: 0}
    - target: {fileID: 3999378963515879612, guid: 251b186ac089b4d4182a7c4f25dc6f12,
        type: 3}
      propertyPath: m_LocalRotation.y
      value: -0
      objectReference: {fileID: 0}
    - target: {fileID: 3999378963515879612, guid: 251b186ac089b4d4182a7c4f25dc6f12,
        type: 3}
      propertyPath: m_LocalRotation.z
      value: -0
      objectReference: {fileID: 0}
    - target: {fileID: 3999378963515879612, guid: 251b186ac089b4d4182a7c4f25dc6f12,
        type: 3}
      propertyPath: m_LocalRotation.w
      value: 1
      objectReference: {fileID: 0}
    - target: {fileID: 3999378963515879612, guid: 251b186ac089b4d4182a7c4f25dc6f12,
        type: 3}
      propertyPath: m_RootOrder
      value: 5
      objectReference: {fileID: 0}
    - target: {fileID: 3999378963515879612, guid: 251b186ac089b4d4182a7c4f25dc6f12,
        type: 3}
      propertyPath: m_LocalEulerAnglesHint.x
      value: 0
      objectReference: {fileID: 0}
    - target: {fileID: 3999378963515879612, guid: 251b186ac089b4d4182a7c4f25dc6f12,
        type: 3}
      propertyPath: m_LocalEulerAnglesHint.y
      value: 0
      objectReference: {fileID: 0}
    - target: {fileID: 3999378963515879612, guid: 251b186ac089b4d4182a7c4f25dc6f12,
        type: 3}
      propertyPath: m_LocalEulerAnglesHint.z
      value: 0
      objectReference: {fileID: 0}
    m_RemovedComponents: []
  m_SourcePrefab: {fileID: 100100000, guid: 251b186ac089b4d4182a7c4f25dc6f12, type: 3}
--- !u!4 &8764236526865688991 stripped
Transform:
  m_CorrespondingSourceObject: {fileID: 3999378963515879612, guid: 251b186ac089b4d4182a7c4f25dc6f12,
    type: 3}
  m_PrefabInstance: {fileID: 8764236526865688990}
  m_PrefabAsset: {fileID: 0}
--- !u!114 &9177575884700968928
MonoBehaviour:
  m_ObjectHideFlags: 0
  m_CorrespondingSourceObject: {fileID: 0}
  m_PrefabInstance: {fileID: 0}
  m_PrefabAsset: {fileID: 0}
  m_GameObject: {fileID: 5629630744402577580}
  m_Enabled: 1
  m_EditorHideFlags: 0
  m_Script: {fileID: 11500000, guid: cdc49b9c251cc564fb3f9ef84861ca07, type: 3}
  m_Name: 
  m_EditorClassIdentifier: 
