%YAML 1.1
%TAG !u! tag:unity3d.com,2011:
--- !u!1 &5109013160490853883
GameObject:
  m_ObjectHideFlags: 0
  m_CorrespondingSourceObject: {fileID: 0}
  m_PrefabInstance: {fileID: 0}
  m_PrefabAsset: {fileID: 0}
  serializedVersion: 6
  m_Component:
  - component: {fileID: 5109013160490853882}
  m_Layer: 0
  m_Name: Object
  m_TagString: Untagged
  m_Icon: {fileID: 0}
  m_NavMeshLayer: 0
  m_StaticEditorFlags: 0
  m_IsActive: 1
--- !u!4 &5109013160490853882
Transform:
  m_ObjectHideFlags: 0
  m_CorrespondingSourceObject: {fileID: 0}
  m_PrefabInstance: {fileID: 0}
  m_PrefabAsset: {fileID: 0}
  m_GameObject: {fileID: 5109013160490853883}
  m_LocalRotation: {x: 0, y: 0, z: 0, w: 1}
  m_LocalPosition: {x: 0, y: 0, z: 0}
  m_LocalScale: {x: 1, y: 1, z: 1}
  m_Children:
  - {fileID: 2659531830941169265}
  - {fileID: 7557762479799991185}
  - {fileID: 7557762479813024153}
  - {fileID: 7557762480413108088}
  - {fileID: 5347504787289291187}
  - {fileID: 5525602404240601855}
  - {fileID: 5525602404800638827}
  - {fileID: 5347504787186469857}
  - {fileID: 7557762479954535919}
  - {fileID: 5731831378745890443}
  - {fileID: 2659531831131556032}
  - {fileID: 5525602404766055107}
  - {fileID: 5525602403490603033}
  - {fileID: 5347504789080157797}
  - {fileID: 5347504788443462036}
  - {fileID: 2801321680753409300}
  - {fileID: 5109013160696748121}
  m_Father: {fileID: 5109013161550122002}
  m_RootOrder: 0
  m_LocalEulerAnglesHint: {x: 0, y: 0, z: 0}
--- !u!1 &5109013161550122005
GameObject:
  m_ObjectHideFlags: 0
  m_CorrespondingSourceObject: {fileID: 0}
  m_PrefabInstance: {fileID: 0}
  m_PrefabAsset: {fileID: 0}
  serializedVersion: 6
  m_Component:
  - component: {fileID: 5109013161550122002}
  - component: {fileID: 5109013161550122003}
  - component: {fileID: 5109013161550122004}
  m_Layer: 0
  m_Name: map2.1
  m_TagString: Untagged
  m_Icon: {fileID: 0}
  m_NavMeshLayer: 0
  m_StaticEditorFlags: 0
  m_IsActive: 1
--- !u!4 &5109013161550122002
Transform:
  m_ObjectHideFlags: 0
  m_CorrespondingSourceObject: {fileID: 0}
  m_PrefabInstance: {fileID: 0}
  m_PrefabAsset: {fileID: 0}
  m_GameObject: {fileID: 5109013161550122005}
  m_LocalRotation: {x: 0, y: 0, z: 0, w: 1}
  m_LocalPosition: {x: 0, y: 0, z: 0}
  m_LocalScale: {x: 1, y: 1, z: 1}
  m_Children:
  - {fileID: 5109013160490853882}
  m_Father: {fileID: 0}
  m_RootOrder: 0
  m_LocalEulerAnglesHint: {x: 0, y: 0, z: 0}
--- !u!212 &5109013161550122003
SpriteRenderer:
  m_ObjectHideFlags: 0
  m_CorrespondingSourceObject: {fileID: 0}
  m_PrefabInstance: {fileID: 0}
  m_PrefabAsset: {fileID: 0}
  m_GameObject: {fileID: 5109013161550122005}
  m_Enabled: 1
  m_CastShadows: 0
  m_ReceiveShadows: 0
  m_DynamicOccludee: 1
  m_MotionVectors: 1
  m_LightProbeUsage: 1
  m_ReflectionProbeUsage: 1
  m_RenderingLayerMask: 1
  m_RendererPriority: 0
  m_Materials:
  - {fileID: 10754, guid: 0000000000000000f000000000000000, type: 0}
  m_StaticBatchInfo:
    firstSubMesh: 0
    subMeshCount: 0
  m_StaticBatchRoot: {fileID: 0}
  m_ProbeAnchor: {fileID: 0}
  m_LightProbeVolumeOverride: {fileID: 0}
  m_ScaleInLightmap: 1
  m_ReceiveGI: 1
  m_PreserveUVs: 0
  m_IgnoreNormalsForChartDetection: 0
  m_ImportantGI: 0
  m_StitchLightmapSeams: 1
  m_SelectedEditorRenderState: 0
  m_MinimumChartSize: 4
  m_AutoUVMaxDistance: 0.5
  m_AutoUVMaxAngle: 89
  m_LightmapParameters: {fileID: 0}
  m_SortingLayerID: 767708283
  m_SortingLayer: 1
  m_SortingOrder: 0
  m_Sprite: {fileID: 21300000, guid: 5ad3ad50f771fad4ca938456a155b1c8, type: 3}
  m_Color: {r: 1, g: 1, b: 1, a: 1}
  m_FlipX: 0
  m_FlipY: 0
  m_DrawMode: 0
  m_Size: {x: 20.48, y: 20.48}
  m_AdaptiveModeThreshold: 0.5
  m_SpriteTileMode: 0
  m_WasSpriteAssigned: 1
  m_MaskInteraction: 0
  m_SpriteSortPoint: 0
--- !u!60 &5109013161550122004
PolygonCollider2D:
  m_ObjectHideFlags: 0
  m_CorrespondingSourceObject: {fileID: 0}
  m_PrefabInstance: {fileID: 0}
  m_PrefabAsset: {fileID: 0}
  m_GameObject: {fileID: 5109013161550122005}
  m_Enabled: 1
  m_Density: 1
  m_Material: {fileID: 0}
  m_IsTrigger: 0
  m_UsedByEffector: 0
  m_UsedByComposite: 0
  m_Offset: {x: 0, y: 0}
  m_SpriteTilingProperty:
    border: {x: 0, y: 0, z: 0, w: 0}
    pivot: {x: 0.5, y: 0.5}
    oldSize: {x: 20.48, y: 20.48}
    newSize: {x: 20.48, y: 20.48}
    adaptiveTilingThreshold: 0.5
    drawMode: 0
    adaptiveTiling: 0
  m_AutoTiling: 0
  m_Points:
    m_Paths:
    - - {x: -8.65176, y: 5.2370467}
      - {x: -8.629044, y: -5.4053416}
      - {x: 8.662126, y: -5.4165087}
      - {x: 6.8215065, y: -3.500109}
      - {x: -6.808441, y: -3.559775}
      - {x: -6.809388, y: 3.5403965}
      - {x: 6.8537326, y: 3.5267105}
      - {x: 6.808946, y: -3.489508}
      - {x: 8.731174, y: 5.3164597}
--- !u!1001 &2801321681457821811
PrefabInstance:
  m_ObjectHideFlags: 0
  serializedVersion: 2
  m_Modification:
    m_TransformParent: {fileID: 5109013160490853882}
    m_Modifications:
    - target: {fileID: 6919384301188718632, guid: c91a76fcb6a9b1b4588cf84798d49ccf,
        type: 3}
      propertyPath: m_Name
      value: bed_2
      objectReference: {fileID: 0}
    - target: {fileID: 6919384301188718634, guid: c91a76fcb6a9b1b4588cf84798d49ccf,
        type: 3}
      propertyPath: m_LocalPosition.x
      value: 2.13
      objectReference: {fileID: 0}
    - target: {fileID: 6919384301188718634, guid: c91a76fcb6a9b1b4588cf84798d49ccf,
        type: 3}
      propertyPath: m_LocalPosition.y
      value: 4.305
      objectReference: {fileID: 0}
    - target: {fileID: 6919384301188718634, guid: c91a76fcb6a9b1b4588cf84798d49ccf,
        type: 3}
      propertyPath: m_LocalPosition.z
      value: 0
      objectReference: {fileID: 0}
    - target: {fileID: 6919384301188718634, guid: c91a76fcb6a9b1b4588cf84798d49ccf,
        type: 3}
      propertyPath: m_LocalRotation.x
      value: -0
      objectReference: {fileID: 0}
    - target: {fileID: 6919384301188718634, guid: c91a76fcb6a9b1b4588cf84798d49ccf,
        type: 3}
      propertyPath: m_LocalRotation.y
      value: -0
      objectReference: {fileID: 0}
    - target: {fileID: 6919384301188718634, guid: c91a76fcb6a9b1b4588cf84798d49ccf,
        type: 3}
      propertyPath: m_LocalRotation.z
      value: -0
      objectReference: {fileID: 0}
    - target: {fileID: 6919384301188718634, guid: c91a76fcb6a9b1b4588cf84798d49ccf,
        type: 3}
      propertyPath: m_LocalRotation.w
      value: 1
      objectReference: {fileID: 0}
    - target: {fileID: 6919384301188718634, guid: c91a76fcb6a9b1b4588cf84798d49ccf,
        type: 3}
      propertyPath: m_RootOrder
      value: 16
      objectReference: {fileID: 0}
    - target: {fileID: 6919384301188718634, guid: c91a76fcb6a9b1b4588cf84798d49ccf,
        type: 3}
      propertyPath: m_LocalEulerAnglesHint.x
      value: 0
      objectReference: {fileID: 0}
    - target: {fileID: 6919384301188718634, guid: c91a76fcb6a9b1b4588cf84798d49ccf,
        type: 3}
      propertyPath: m_LocalEulerAnglesHint.y
      value: 0
      objectReference: {fileID: 0}
    - target: {fileID: 6919384301188718634, guid: c91a76fcb6a9b1b4588cf84798d49ccf,
        type: 3}
      propertyPath: m_LocalEulerAnglesHint.z
      value: 0
      objectReference: {fileID: 0}
    m_RemovedComponents: []
  m_SourcePrefab: {fileID: 100100000, guid: c91a76fcb6a9b1b4588cf84798d49ccf, type: 3}
--- !u!4 &5109013160696748121 stripped
Transform:
  m_CorrespondingSourceObject: {fileID: 6919384301188718634, guid: c91a76fcb6a9b1b4588cf84798d49ccf,
    type: 3}
  m_PrefabInstance: {fileID: 2801321681457821811}
  m_PrefabAsset: {fileID: 0}
--- !u!1001 &5109013160261360958
PrefabInstance:
  m_ObjectHideFlags: 0
  serializedVersion: 2
  m_Modification:
    m_TransformParent: {fileID: 5109013160490853882}
    m_Modifications:
    - target: {fileID: 6919384301188718632, guid: c91a76fcb6a9b1b4588cf84798d49ccf,
        type: 3}
      propertyPath: m_Name
      value: bed_2 (1)
      objectReference: {fileID: 0}
    - target: {fileID: 6919384301188718634, guid: c91a76fcb6a9b1b4588cf84798d49ccf,
        type: 3}
      propertyPath: m_LocalPosition.x
      value: 5.662
      objectReference: {fileID: 0}
    - target: {fileID: 6919384301188718634, guid: c91a76fcb6a9b1b4588cf84798d49ccf,
        type: 3}
      propertyPath: m_LocalPosition.y
      value: 4.335
      objectReference: {fileID: 0}
    - target: {fileID: 6919384301188718634, guid: c91a76fcb6a9b1b4588cf84798d49ccf,
        type: 3}
      propertyPath: m_LocalPosition.z
      value: 0
      objectReference: {fileID: 0}
    - target: {fileID: 6919384301188718634, guid: c91a76fcb6a9b1b4588cf84798d49ccf,
        type: 3}
      propertyPath: m_LocalRotation.x
      value: -0
      objectReference: {fileID: 0}
    - target: {fileID: 6919384301188718634, guid: c91a76fcb6a9b1b4588cf84798d49ccf,
        type: 3}
      propertyPath: m_LocalRotation.y
      value: -0
      objectReference: {fileID: 0}
    - target: {fileID: 6919384301188718634, guid: c91a76fcb6a9b1b4588cf84798d49ccf,
        type: 3}
      propertyPath: m_LocalRotation.z
      value: -0
      objectReference: {fileID: 0}
    - target: {fileID: 6919384301188718634, guid: c91a76fcb6a9b1b4588cf84798d49ccf,
        type: 3}
      propertyPath: m_LocalRotation.w
      value: 1
      objectReference: {fileID: 0}
    - target: {fileID: 6919384301188718634, guid: c91a76fcb6a9b1b4588cf84798d49ccf,
        type: 3}
      propertyPath: m_RootOrder
      value: 15
      objectReference: {fileID: 0}
    - target: {fileID: 6919384301188718634, guid: c91a76fcb6a9b1b4588cf84798d49ccf,
        type: 3}
      propertyPath: m_LocalEulerAnglesHint.x
      value: 0
      objectReference: {fileID: 0}
    - target: {fileID: 6919384301188718634, guid: c91a76fcb6a9b1b4588cf84798d49ccf,
        type: 3}
      propertyPath: m_LocalEulerAnglesHint.y
      value: 0
      objectReference: {fileID: 0}
    - target: {fileID: 6919384301188718634, guid: c91a76fcb6a9b1b4588cf84798d49ccf,
        type: 3}
      propertyPath: m_LocalEulerAnglesHint.z
      value: 0
      objectReference: {fileID: 0}
    m_RemovedComponents: []
  m_SourcePrefab: {fileID: 100100000, guid: c91a76fcb6a9b1b4588cf84798d49ccf, type: 3}
--- !u!4 &2801321680753409300 stripped
Transform:
  m_CorrespondingSourceObject: {fileID: 6919384301188718634, guid: c91a76fcb6a9b1b4588cf84798d49ccf,
    type: 3}
  m_PrefabInstance: {fileID: 5109013160261360958}
  m_PrefabAsset: {fileID: 0}
--- !u!1001 &5109013160561916176
PrefabInstance:
  m_ObjectHideFlags: 0
  serializedVersion: 2
  m_Modification:
    m_TransformParent: {fileID: 5109013160490853882}
    m_Modifications:
    - target: {fileID: 679289431873597339, guid: 6333d19d2d8c723429e2828c87f4cc2f,
        type: 3}
      propertyPath: m_LocalPosition.x
      value: -4.771286
      objectReference: {fileID: 0}
    - target: {fileID: 679289431873597339, guid: 6333d19d2d8c723429e2828c87f4cc2f,
        type: 3}
      propertyPath: m_LocalPosition.y
      value: -0.98370004
      objectReference: {fileID: 0}
    - target: {fileID: 679289431873597339, guid: 6333d19d2d8c723429e2828c87f4cc2f,
        type: 3}
      propertyPath: m_LocalPosition.z
      value: 0
      objectReference: {fileID: 0}
    - target: {fileID: 679289431873597339, guid: 6333d19d2d8c723429e2828c87f4cc2f,
        type: 3}
      propertyPath: m_LocalRotation.x
      value: -0
      objectReference: {fileID: 0}
    - target: {fileID: 679289431873597339, guid: 6333d19d2d8c723429e2828c87f4cc2f,
        type: 3}
      propertyPath: m_LocalRotation.y
      value: -0
      objectReference: {fileID: 0}
    - target: {fileID: 679289431873597339, guid: 6333d19d2d8c723429e2828c87f4cc2f,
        type: 3}
      propertyPath: m_LocalRotation.z
      value: -0
      objectReference: {fileID: 0}
    - target: {fileID: 679289431873597339, guid: 6333d19d2d8c723429e2828c87f4cc2f,
        type: 3}
      propertyPath: m_LocalRotation.w
      value: 1
      objectReference: {fileID: 0}
    - target: {fileID: 679289431873597339, guid: 6333d19d2d8c723429e2828c87f4cc2f,
        type: 3}
      propertyPath: m_RootOrder
      value: 9
      objectReference: {fileID: 0}
    - target: {fileID: 679289431873597339, guid: 6333d19d2d8c723429e2828c87f4cc2f,
        type: 3}
      propertyPath: m_LocalEulerAnglesHint.x
      value: 0
      objectReference: {fileID: 0}
    - target: {fileID: 679289431873597339, guid: 6333d19d2d8c723429e2828c87f4cc2f,
        type: 3}
      propertyPath: m_LocalEulerAnglesHint.y
      value: 0
      objectReference: {fileID: 0}
    - target: {fileID: 679289431873597339, guid: 6333d19d2d8c723429e2828c87f4cc2f,
        type: 3}
      propertyPath: m_LocalEulerAnglesHint.z
      value: 0
      objectReference: {fileID: 0}
    - target: {fileID: 679289431873597413, guid: 6333d19d2d8c723429e2828c87f4cc2f,
        type: 3}
      propertyPath: m_Name
      value: small_table
      objectReference: {fileID: 0}
    m_RemovedComponents: []
  m_SourcePrefab: {fileID: 100100000, guid: 6333d19d2d8c723429e2828c87f4cc2f, type: 3}
--- !u!4 &5731831378745890443 stripped
Transform:
  m_CorrespondingSourceObject: {fileID: 679289431873597339, guid: 6333d19d2d8c723429e2828c87f4cc2f,
    type: 3}
  m_PrefabInstance: {fileID: 5109013160561916176}
  m_PrefabAsset: {fileID: 0}
--- !u!1001 &5109013160624329403
PrefabInstance:
  m_ObjectHideFlags: 0
  serializedVersion: 2
  m_Modification:
    m_TransformParent: {fileID: 5109013160490853882}
    m_Modifications:
    - target: {fileID: 740910835392918176, guid: 366c741715ea9d344b1a0f1b9a5de06e,
        type: 3}
      propertyPath: m_Name
      value: chair
      objectReference: {fileID: 0}
    - target: {fileID: 740910835392918178, guid: 366c741715ea9d344b1a0f1b9a5de06e,
        type: 3}
      propertyPath: m_LocalPosition.x
      value: -1.8816836
      objectReference: {fileID: 0}
    - target: {fileID: 740910835392918178, guid: 366c741715ea9d344b1a0f1b9a5de06e,
        type: 3}
      propertyPath: m_LocalPosition.y
      value: 4.082422
      objectReference: {fileID: 0}
    - target: {fileID: 740910835392918178, guid: 366c741715ea9d344b1a0f1b9a5de06e,
        type: 3}
      propertyPath: m_LocalPosition.z
      value: 0
      objectReference: {fileID: 0}
    - target: {fileID: 740910835392918178, guid: 366c741715ea9d344b1a0f1b9a5de06e,
        type: 3}
      propertyPath: m_LocalRotation.x
      value: -0
      objectReference: {fileID: 0}
    - target: {fileID: 740910835392918178, guid: 366c741715ea9d344b1a0f1b9a5de06e,
        type: 3}
      propertyPath: m_LocalRotation.y
      value: -0
      objectReference: {fileID: 0}
    - target: {fileID: 740910835392918178, guid: 366c741715ea9d344b1a0f1b9a5de06e,
        type: 3}
      propertyPath: m_LocalRotation.z
      value: -0
      objectReference: {fileID: 0}
    - target: {fileID: 740910835392918178, guid: 366c741715ea9d344b1a0f1b9a5de06e,
        type: 3}
      propertyPath: m_LocalRotation.w
      value: 1
      objectReference: {fileID: 0}
    - target: {fileID: 740910835392918178, guid: 366c741715ea9d344b1a0f1b9a5de06e,
        type: 3}
      propertyPath: m_RootOrder
      value: 12
      objectReference: {fileID: 0}
    - target: {fileID: 740910835392918178, guid: 366c741715ea9d344b1a0f1b9a5de06e,
        type: 3}
      propertyPath: m_LocalEulerAnglesHint.x
      value: 0
      objectReference: {fileID: 0}
    - target: {fileID: 740910835392918178, guid: 366c741715ea9d344b1a0f1b9a5de06e,
        type: 3}
      propertyPath: m_LocalEulerAnglesHint.y
      value: 0
      objectReference: {fileID: 0}
    - target: {fileID: 740910835392918178, guid: 366c741715ea9d344b1a0f1b9a5de06e,
        type: 3}
      propertyPath: m_LocalEulerAnglesHint.z
      value: 0
      objectReference: {fileID: 0}
    m_RemovedComponents: []
  m_SourcePrefab: {fileID: 100100000, guid: 366c741715ea9d344b1a0f1b9a5de06e, type: 3}
--- !u!4 &5525602403490603033 stripped
Transform:
  m_CorrespondingSourceObject: {fileID: 740910835392918178, guid: 366c741715ea9d344b1a0f1b9a5de06e,
    type: 3}
  m_PrefabInstance: {fileID: 5109013160624329403}
  m_PrefabAsset: {fileID: 0}
--- !u!1001 &5109013160771277890
PrefabInstance:
  m_ObjectHideFlags: 0
  serializedVersion: 2
  m_Modification:
    m_TransformParent: {fileID: 5109013160490853882}
    m_Modifications:
    - target: {fileID: 923514051930234785, guid: a0f50e9707f69f44e902f504196f1764,
        type: 3}
      propertyPath: m_Name
      value: table (2)
      objectReference: {fileID: 0}
    - target: {fileID: 923514051930234787, guid: a0f50e9707f69f44e902f504196f1764,
        type: 3}
      propertyPath: m_LocalPosition.x
      value: 3.898
      objectReference: {fileID: 0}
    - target: {fileID: 923514051930234787, guid: a0f50e9707f69f44e902f504196f1764,
        type: 3}
      propertyPath: m_LocalPosition.y
      value: -2.009
      objectReference: {fileID: 0}
    - target: {fileID: 923514051930234787, guid: a0f50e9707f69f44e902f504196f1764,
        type: 3}
      propertyPath: m_LocalPosition.z
      value: 0
      objectReference: {fileID: 0}
    - target: {fileID: 923514051930234787, guid: a0f50e9707f69f44e902f504196f1764,
        type: 3}
      propertyPath: m_LocalRotation.x
      value: -0
      objectReference: {fileID: 0}
    - target: {fileID: 923514051930234787, guid: a0f50e9707f69f44e902f504196f1764,
        type: 3}
      propertyPath: m_LocalRotation.y
      value: -0
      objectReference: {fileID: 0}
    - target: {fileID: 923514051930234787, guid: a0f50e9707f69f44e902f504196f1764,
        type: 3}
      propertyPath: m_LocalRotation.z
      value: -0
      objectReference: {fileID: 0}
    - target: {fileID: 923514051930234787, guid: a0f50e9707f69f44e902f504196f1764,
        type: 3}
      propertyPath: m_LocalRotation.w
      value: 1
      objectReference: {fileID: 0}
    - target: {fileID: 923514051930234787, guid: a0f50e9707f69f44e902f504196f1764,
        type: 3}
      propertyPath: m_RootOrder
      value: 7
      objectReference: {fileID: 0}
    - target: {fileID: 923514051930234787, guid: a0f50e9707f69f44e902f504196f1764,
        type: 3}
      propertyPath: m_LocalEulerAnglesHint.x
      value: 0
      objectReference: {fileID: 0}
    - target: {fileID: 923514051930234787, guid: a0f50e9707f69f44e902f504196f1764,
        type: 3}
      propertyPath: m_LocalEulerAnglesHint.y
      value: 0
      objectReference: {fileID: 0}
    - target: {fileID: 923514051930234787, guid: a0f50e9707f69f44e902f504196f1764,
        type: 3}
      propertyPath: m_LocalEulerAnglesHint.z
      value: 0
      objectReference: {fileID: 0}
    m_RemovedComponents: []
  m_SourcePrefab: {fileID: 100100000, guid: a0f50e9707f69f44e902f504196f1764, type: 3}
--- !u!4 &5347504787186469857 stripped
Transform:
  m_CorrespondingSourceObject: {fileID: 923514051930234787, guid: a0f50e9707f69f44e902f504196f1764,
    type: 3}
  m_PrefabInstance: {fileID: 5109013160771277890}
  m_PrefabAsset: {fileID: 0}
--- !u!1001 &5109013160941626928
PrefabInstance:
  m_ObjectHideFlags: 0
  serializedVersion: 2
  m_Modification:
    m_TransformParent: {fileID: 5109013160490853882}
    m_Modifications:
    - target: {fileID: 7065675552514404080, guid: 0f2460e712dba5f48b156c1b7be7553b,
        type: 3}
      propertyPath: m_LocalPosition.x
      value: -4.696
      objectReference: {fileID: 0}
    - target: {fileID: 7065675552514404080, guid: 0f2460e712dba5f48b156c1b7be7553b,
        type: 3}
      propertyPath: m_LocalPosition.y
      value: 3.917
      objectReference: {fileID: 0}
    - target: {fileID: 7065675552514404080, guid: 0f2460e712dba5f48b156c1b7be7553b,
        type: 3}
      propertyPath: m_LocalPosition.z
      value: 0
      objectReference: {fileID: 0}
    - target: {fileID: 7065675552514404080, guid: 0f2460e712dba5f48b156c1b7be7553b,
        type: 3}
      propertyPath: m_LocalRotation.x
      value: -0
      objectReference: {fileID: 0}
    - target: {fileID: 7065675552514404080, guid: 0f2460e712dba5f48b156c1b7be7553b,
        type: 3}
      propertyPath: m_LocalRotation.y
      value: -0
      objectReference: {fileID: 0}
    - target: {fileID: 7065675552514404080, guid: 0f2460e712dba5f48b156c1b7be7553b,
        type: 3}
      propertyPath: m_LocalRotation.z
      value: -0
      objectReference: {fileID: 0}
    - target: {fileID: 7065675552514404080, guid: 0f2460e712dba5f48b156c1b7be7553b,
        type: 3}
      propertyPath: m_LocalRotation.w
      value: 1
      objectReference: {fileID: 0}
    - target: {fileID: 7065675552514404080, guid: 0f2460e712dba5f48b156c1b7be7553b,
        type: 3}
      propertyPath: m_RootOrder
      value: 10
      objectReference: {fileID: 0}
    - target: {fileID: 7065675552514404080, guid: 0f2460e712dba5f48b156c1b7be7553b,
        type: 3}
      propertyPath: m_LocalEulerAnglesHint.x
      value: 0
      objectReference: {fileID: 0}
    - target: {fileID: 7065675552514404080, guid: 0f2460e712dba5f48b156c1b7be7553b,
        type: 3}
      propertyPath: m_LocalEulerAnglesHint.y
      value: 0
      objectReference: {fileID: 0}
    - target: {fileID: 7065675552514404080, guid: 0f2460e712dba5f48b156c1b7be7553b,
        type: 3}
      propertyPath: m_LocalEulerAnglesHint.z
      value: 0
      objectReference: {fileID: 0}
    - target: {fileID: 7065675552514404081, guid: 0f2460e712dba5f48b156c1b7be7553b,
        type: 3}
      propertyPath: m_Name
      value: small_locker
      objectReference: {fileID: 0}
    m_RemovedComponents: []
  m_SourcePrefab: {fileID: 100100000, guid: 0f2460e712dba5f48b156c1b7be7553b, type: 3}
--- !u!4 &2659531831131556032 stripped
Transform:
  m_CorrespondingSourceObject: {fileID: 7065675552514404080, guid: 0f2460e712dba5f48b156c1b7be7553b,
    type: 3}
  m_PrefabInstance: {fileID: 5109013160941626928}
  m_PrefabAsset: {fileID: 0}
--- !u!1001 &5109013160954045968
PrefabInstance:
  m_ObjectHideFlags: 0
  serializedVersion: 2
  m_Modification:
    m_TransformParent: {fileID: 5109013160490853882}
    m_Modifications:
    - target: {fileID: 923514051930234785, guid: a0f50e9707f69f44e902f504196f1764,
        type: 3}
      propertyPath: m_Name
      value: table (3)
      objectReference: {fileID: 0}
    - target: {fileID: 923514051930234787, guid: a0f50e9707f69f44e902f504196f1764,
        type: 3}
      propertyPath: m_LocalPosition.x
      value: 5.82
      objectReference: {fileID: 0}
    - target: {fileID: 923514051930234787, guid: a0f50e9707f69f44e902f504196f1764,
        type: 3}
      propertyPath: m_LocalPosition.y
      value: -2.009
      objectReference: {fileID: 0}
    - target: {fileID: 923514051930234787, guid: a0f50e9707f69f44e902f504196f1764,
        type: 3}
      propertyPath: m_LocalPosition.z
      value: 0
      objectReference: {fileID: 0}
    - target: {fileID: 923514051930234787, guid: a0f50e9707f69f44e902f504196f1764,
        type: 3}
      propertyPath: m_LocalRotation.x
      value: -0
      objectReference: {fileID: 0}
    - target: {fileID: 923514051930234787, guid: a0f50e9707f69f44e902f504196f1764,
        type: 3}
      propertyPath: m_LocalRotation.y
      value: -0
      objectReference: {fileID: 0}
    - target: {fileID: 923514051930234787, guid: a0f50e9707f69f44e902f504196f1764,
        type: 3}
      propertyPath: m_LocalRotation.z
      value: -0
      objectReference: {fileID: 0}
    - target: {fileID: 923514051930234787, guid: a0f50e9707f69f44e902f504196f1764,
        type: 3}
      propertyPath: m_LocalRotation.w
      value: 1
      objectReference: {fileID: 0}
    - target: {fileID: 923514051930234787, guid: a0f50e9707f69f44e902f504196f1764,
        type: 3}
      propertyPath: m_RootOrder
      value: 4
      objectReference: {fileID: 0}
    - target: {fileID: 923514051930234787, guid: a0f50e9707f69f44e902f504196f1764,
        type: 3}
      propertyPath: m_LocalEulerAnglesHint.x
      value: 0
      objectReference: {fileID: 0}
    - target: {fileID: 923514051930234787, guid: a0f50e9707f69f44e902f504196f1764,
        type: 3}
      propertyPath: m_LocalEulerAnglesHint.y
      value: 0
      objectReference: {fileID: 0}
    - target: {fileID: 923514051930234787, guid: a0f50e9707f69f44e902f504196f1764,
        type: 3}
      propertyPath: m_LocalEulerAnglesHint.z
      value: 0
      objectReference: {fileID: 0}
    m_RemovedComponents: []
  m_SourcePrefab: {fileID: 100100000, guid: a0f50e9707f69f44e902f504196f1764, type: 3}
--- !u!4 &5347504787289291187 stripped
Transform:
  m_CorrespondingSourceObject: {fileID: 923514051930234787, guid: a0f50e9707f69f44e902f504196f1764,
    type: 3}
  m_PrefabInstance: {fileID: 5109013160954045968}
  m_PrefabAsset: {fileID: 0}
--- !u!1001 &5109013161061636225
PrefabInstance:
  m_ObjectHideFlags: 0
  serializedVersion: 2
  m_Modification:
    m_TransformParent: {fileID: 5109013160490853882}
    m_Modifications:
    - target: {fileID: 7065675552514404080, guid: 0f2460e712dba5f48b156c1b7be7553b,
        type: 3}
      propertyPath: m_LocalPosition.x
      value: -5.237
      objectReference: {fileID: 0}
    - target: {fileID: 7065675552514404080, guid: 0f2460e712dba5f48b156c1b7be7553b,
        type: 3}
      propertyPath: m_LocalPosition.y
      value: 3.917
      objectReference: {fileID: 0}
    - target: {fileID: 7065675552514404080, guid: 0f2460e712dba5f48b156c1b7be7553b,
        type: 3}
      propertyPath: m_LocalPosition.z
      value: 0
      objectReference: {fileID: 0}
    - target: {fileID: 7065675552514404080, guid: 0f2460e712dba5f48b156c1b7be7553b,
        type: 3}
      propertyPath: m_LocalRotation.x
      value: -0
      objectReference: {fileID: 0}
    - target: {fileID: 7065675552514404080, guid: 0f2460e712dba5f48b156c1b7be7553b,
        type: 3}
      propertyPath: m_LocalRotation.y
      value: -0
      objectReference: {fileID: 0}
    - target: {fileID: 7065675552514404080, guid: 0f2460e712dba5f48b156c1b7be7553b,
        type: 3}
      propertyPath: m_LocalRotation.z
      value: -0
      objectReference: {fileID: 0}
    - target: {fileID: 7065675552514404080, guid: 0f2460e712dba5f48b156c1b7be7553b,
        type: 3}
      propertyPath: m_LocalRotation.w
      value: 1
      objectReference: {fileID: 0}
    - target: {fileID: 7065675552514404080, guid: 0f2460e712dba5f48b156c1b7be7553b,
        type: 3}
      propertyPath: m_RootOrder
      value: 0
      objectReference: {fileID: 0}
    - target: {fileID: 7065675552514404080, guid: 0f2460e712dba5f48b156c1b7be7553b,
        type: 3}
      propertyPath: m_LocalEulerAnglesHint.x
      value: 0
      objectReference: {fileID: 0}
    - target: {fileID: 7065675552514404080, guid: 0f2460e712dba5f48b156c1b7be7553b,
        type: 3}
      propertyPath: m_LocalEulerAnglesHint.y
      value: 0
      objectReference: {fileID: 0}
    - target: {fileID: 7065675552514404080, guid: 0f2460e712dba5f48b156c1b7be7553b,
        type: 3}
      propertyPath: m_LocalEulerAnglesHint.z
      value: 0
      objectReference: {fileID: 0}
    - target: {fileID: 7065675552514404081, guid: 0f2460e712dba5f48b156c1b7be7553b,
        type: 3}
      propertyPath: m_Name
      value: small_locker (1)
      objectReference: {fileID: 0}
    m_RemovedComponents: []
  m_SourcePrefab: {fileID: 100100000, guid: 0f2460e712dba5f48b156c1b7be7553b, type: 3}
--- !u!4 &2659531830941169265 stripped
Transform:
  m_CorrespondingSourceObject: {fileID: 7065675552514404080, guid: 0f2460e712dba5f48b156c1b7be7553b,
    type: 3}
  m_PrefabInstance: {fileID: 5109013161061636225}
  m_PrefabAsset: {fileID: 0}
--- !u!1001 &5109013161362245729
PrefabInstance:
  m_ObjectHideFlags: 0
  serializedVersion: 2
  m_Modification:
    m_TransformParent: {fileID: 5109013160490853882}
    m_Modifications:
    - target: {fileID: 740910835392918176, guid: 366c741715ea9d344b1a0f1b9a5de06e,
        type: 3}
      propertyPath: m_Name
      value: chair (1)
      objectReference: {fileID: 0}
    - target: {fileID: 740910835392918178, guid: 366c741715ea9d344b1a0f1b9a5de06e,
        type: 3}
      propertyPath: m_LocalPosition.x
      value: -2.7516303
      objectReference: {fileID: 0}
    - target: {fileID: 740910835392918178, guid: 366c741715ea9d344b1a0f1b9a5de06e,
        type: 3}
      propertyPath: m_LocalPosition.y
      value: 4.0921965
      objectReference: {fileID: 0}
    - target: {fileID: 740910835392918178, guid: 366c741715ea9d344b1a0f1b9a5de06e,
        type: 3}
      propertyPath: m_LocalPosition.z
      value: 0
      objectReference: {fileID: 0}
    - target: {fileID: 740910835392918178, guid: 366c741715ea9d344b1a0f1b9a5de06e,
        type: 3}
      propertyPath: m_LocalRotation.x
      value: -0
      objectReference: {fileID: 0}
    - target: {fileID: 740910835392918178, guid: 366c741715ea9d344b1a0f1b9a5de06e,
        type: 3}
      propertyPath: m_LocalRotation.y
      value: -0
      objectReference: {fileID: 0}
    - target: {fileID: 740910835392918178, guid: 366c741715ea9d344b1a0f1b9a5de06e,
        type: 3}
      propertyPath: m_LocalRotation.z
      value: -0
      objectReference: {fileID: 0}
    - target: {fileID: 740910835392918178, guid: 366c741715ea9d344b1a0f1b9a5de06e,
        type: 3}
      propertyPath: m_LocalRotation.w
      value: 1
      objectReference: {fileID: 0}
    - target: {fileID: 740910835392918178, guid: 366c741715ea9d344b1a0f1b9a5de06e,
        type: 3}
      propertyPath: m_RootOrder
      value: 11
      objectReference: {fileID: 0}
    - target: {fileID: 740910835392918178, guid: 366c741715ea9d344b1a0f1b9a5de06e,
        type: 3}
      propertyPath: m_LocalEulerAnglesHint.x
      value: 0
      objectReference: {fileID: 0}
    - target: {fileID: 740910835392918178, guid: 366c741715ea9d344b1a0f1b9a5de06e,
        type: 3}
      propertyPath: m_LocalEulerAnglesHint.y
      value: 0
      objectReference: {fileID: 0}
    - target: {fileID: 740910835392918178, guid: 366c741715ea9d344b1a0f1b9a5de06e,
        type: 3}
      propertyPath: m_LocalEulerAnglesHint.z
      value: 0
      objectReference: {fileID: 0}
    m_RemovedComponents: []
  m_SourcePrefab: {fileID: 100100000, guid: 366c741715ea9d344b1a0f1b9a5de06e, type: 3}
--- !u!4 &5525602404766055107 stripped
Transform:
  m_CorrespondingSourceObject: {fileID: 740910835392918178, guid: 366c741715ea9d344b1a0f1b9a5de06e,
    type: 3}
  m_PrefabInstance: {fileID: 5109013161362245729}
  m_PrefabAsset: {fileID: 0}
--- !u!1001 &5109013161398934985
PrefabInstance:
  m_ObjectHideFlags: 0
  serializedVersion: 2
  m_Modification:
    m_TransformParent: {fileID: 5109013160490853882}
    m_Modifications:
    - target: {fileID: 740910835392918176, guid: 366c741715ea9d344b1a0f1b9a5de06e,
        type: 3}
      propertyPath: m_Name
      value: chair (2)
      objectReference: {fileID: 0}
    - target: {fileID: 740910835392918178, guid: 366c741715ea9d344b1a0f1b9a5de06e,
        type: 3}
      propertyPath: m_LocalPosition.x
      value: 3.858
      objectReference: {fileID: 0}
    - target: {fileID: 740910835392918178, guid: 366c741715ea9d344b1a0f1b9a5de06e,
        type: 3}
      propertyPath: m_LocalPosition.y
      value: -1.2718713
      objectReference: {fileID: 0}
    - target: {fileID: 740910835392918178, guid: 366c741715ea9d344b1a0f1b9a5de06e,
        type: 3}
      propertyPath: m_LocalPosition.z
      value: 0
      objectReference: {fileID: 0}
    - target: {fileID: 740910835392918178, guid: 366c741715ea9d344b1a0f1b9a5de06e,
        type: 3}
      propertyPath: m_LocalRotation.x
      value: -0
      objectReference: {fileID: 0}
    - target: {fileID: 740910835392918178, guid: 366c741715ea9d344b1a0f1b9a5de06e,
        type: 3}
      propertyPath: m_LocalRotation.y
      value: -0
      objectReference: {fileID: 0}
    - target: {fileID: 740910835392918178, guid: 366c741715ea9d344b1a0f1b9a5de06e,
        type: 3}
      propertyPath: m_LocalRotation.z
      value: -0
      objectReference: {fileID: 0}
    - target: {fileID: 740910835392918178, guid: 366c741715ea9d344b1a0f1b9a5de06e,
        type: 3}
      propertyPath: m_LocalRotation.w
      value: 1
      objectReference: {fileID: 0}
    - target: {fileID: 740910835392918178, guid: 366c741715ea9d344b1a0f1b9a5de06e,
        type: 3}
      propertyPath: m_RootOrder
      value: 6
      objectReference: {fileID: 0}
    - target: {fileID: 740910835392918178, guid: 366c741715ea9d344b1a0f1b9a5de06e,
        type: 3}
      propertyPath: m_LocalEulerAnglesHint.x
      value: 0
      objectReference: {fileID: 0}
    - target: {fileID: 740910835392918178, guid: 366c741715ea9d344b1a0f1b9a5de06e,
        type: 3}
      propertyPath: m_LocalEulerAnglesHint.y
      value: 0
      objectReference: {fileID: 0}
    - target: {fileID: 740910835392918178, guid: 366c741715ea9d344b1a0f1b9a5de06e,
        type: 3}
      propertyPath: m_LocalEulerAnglesHint.z
      value: 0
      objectReference: {fileID: 0}
    m_RemovedComponents: []
  m_SourcePrefab: {fileID: 100100000, guid: 366c741715ea9d344b1a0f1b9a5de06e, type: 3}
--- !u!4 &5525602404800638827 stripped
Transform:
  m_CorrespondingSourceObject: {fileID: 740910835392918178, guid: 366c741715ea9d344b1a0f1b9a5de06e,
    type: 3}
  m_PrefabInstance: {fileID: 5109013161398934985}
  m_PrefabAsset: {fileID: 0}
--- !u!1001 &5109013161595417030
PrefabInstance:
  m_ObjectHideFlags: 0
  serializedVersion: 2
  m_Modification:
    m_TransformParent: {fileID: 5109013160490853882}
    m_Modifications:
    - target: {fileID: 923514051930234785, guid: a0f50e9707f69f44e902f504196f1764,
        type: 3}
      propertyPath: m_Name
      value: table (1)
      objectReference: {fileID: 0}
    - target: {fileID: 923514051930234787, guid: a0f50e9707f69f44e902f504196f1764,
        type: 3}
      propertyPath: m_LocalPosition.x
      value: 0.23094332
      objectReference: {fileID: 0}
    - target: {fileID: 923514051930234787, guid: a0f50e9707f69f44e902f504196f1764,
        type: 3}
      propertyPath: m_LocalPosition.y
      value: 3.8663018
      objectReference: {fileID: 0}
    - target: {fileID: 923514051930234787, guid: a0f50e9707f69f44e902f504196f1764,
        type: 3}
      propertyPath: m_LocalPosition.z
      value: 0
      objectReference: {fileID: 0}
    - target: {fileID: 923514051930234787, guid: a0f50e9707f69f44e902f504196f1764,
        type: 3}
      propertyPath: m_LocalRotation.x
      value: -0
      objectReference: {fileID: 0}
    - target: {fileID: 923514051930234787, guid: a0f50e9707f69f44e902f504196f1764,
        type: 3}
      propertyPath: m_LocalRotation.y
      value: -0
      objectReference: {fileID: 0}
    - target: {fileID: 923514051930234787, guid: a0f50e9707f69f44e902f504196f1764,
        type: 3}
      propertyPath: m_LocalRotation.z
      value: -0
      objectReference: {fileID: 0}
    - target: {fileID: 923514051930234787, guid: a0f50e9707f69f44e902f504196f1764,
        type: 3}
      propertyPath: m_LocalRotation.w
      value: 1
      objectReference: {fileID: 0}
    - target: {fileID: 923514051930234787, guid: a0f50e9707f69f44e902f504196f1764,
        type: 3}
      propertyPath: m_RootOrder
      value: 13
      objectReference: {fileID: 0}
    - target: {fileID: 923514051930234787, guid: a0f50e9707f69f44e902f504196f1764,
        type: 3}
      propertyPath: m_LocalEulerAnglesHint.x
      value: 0
      objectReference: {fileID: 0}
    - target: {fileID: 923514051930234787, guid: a0f50e9707f69f44e902f504196f1764,
        type: 3}
      propertyPath: m_LocalEulerAnglesHint.y
      value: 0
      objectReference: {fileID: 0}
    - target: {fileID: 923514051930234787, guid: a0f50e9707f69f44e902f504196f1764,
        type: 3}
      propertyPath: m_LocalEulerAnglesHint.z
      value: 0
      objectReference: {fileID: 0}
    m_RemovedComponents: []
  m_SourcePrefab: {fileID: 100100000, guid: a0f50e9707f69f44e902f504196f1764, type: 3}
--- !u!4 &5347504789080157797 stripped
Transform:
  m_CorrespondingSourceObject: {fileID: 923514051930234787, guid: a0f50e9707f69f44e902f504196f1764,
    type: 3}
  m_PrefabInstance: {fileID: 5109013161595417030}
  m_PrefabAsset: {fileID: 0}
--- !u!1001 &5109013161695328994
PrefabInstance:
  m_ObjectHideFlags: 0
  serializedVersion: 2
  m_Modification:
    m_TransformParent: {fileID: 5109013160490853882}
    m_Modifications:
    - target: {fileID: 3315859373630774680, guid: 60c1b12049dd3c44caed471ecb62cc4f,
        type: 3}
      propertyPath: m_Name
      value: small_chair (3)
      objectReference: {fileID: 0}
    - target: {fileID: 3315859373630774682, guid: 60c1b12049dd3c44caed471ecb62cc4f,
        type: 3}
      propertyPath: m_LocalPosition.x
      value: -5.995
      objectReference: {fileID: 0}
    - target: {fileID: 3315859373630774682, guid: 60c1b12049dd3c44caed471ecb62cc4f,
        type: 3}
      propertyPath: m_LocalPosition.y
      value: -1.414
      objectReference: {fileID: 0}
    - target: {fileID: 3315859373630774682, guid: 60c1b12049dd3c44caed471ecb62cc4f,
        type: 3}
      propertyPath: m_LocalPosition.z
      value: 0
      objectReference: {fileID: 0}
    - target: {fileID: 3315859373630774682, guid: 60c1b12049dd3c44caed471ecb62cc4f,
        type: 3}
      propertyPath: m_LocalRotation.x
      value: -0
      objectReference: {fileID: 0}
    - target: {fileID: 3315859373630774682, guid: 60c1b12049dd3c44caed471ecb62cc4f,
        type: 3}
      propertyPath: m_LocalRotation.y
      value: -0
      objectReference: {fileID: 0}
    - target: {fileID: 3315859373630774682, guid: 60c1b12049dd3c44caed471ecb62cc4f,
        type: 3}
      propertyPath: m_LocalRotation.z
      value: -0
      objectReference: {fileID: 0}
    - target: {fileID: 3315859373630774682, guid: 60c1b12049dd3c44caed471ecb62cc4f,
        type: 3}
      propertyPath: m_LocalRotation.w
      value: 1
      objectReference: {fileID: 0}
    - target: {fileID: 3315859373630774682, guid: 60c1b12049dd3c44caed471ecb62cc4f,
        type: 3}
      propertyPath: m_RootOrder
      value: 3
      objectReference: {fileID: 0}
    - target: {fileID: 3315859373630774682, guid: 60c1b12049dd3c44caed471ecb62cc4f,
        type: 3}
      propertyPath: m_LocalEulerAnglesHint.x
      value: 0
      objectReference: {fileID: 0}
    - target: {fileID: 3315859373630774682, guid: 60c1b12049dd3c44caed471ecb62cc4f,
        type: 3}
      propertyPath: m_LocalEulerAnglesHint.y
      value: 0
      objectReference: {fileID: 0}
    - target: {fileID: 3315859373630774682, guid: 60c1b12049dd3c44caed471ecb62cc4f,
        type: 3}
      propertyPath: m_LocalEulerAnglesHint.z
      value: 0
      objectReference: {fileID: 0}
    m_RemovedComponents: []
  m_SourcePrefab: {fileID: 100100000, guid: 60c1b12049dd3c44caed471ecb62cc4f, type: 3}
--- !u!4 &7557762480413108088 stripped
Transform:
  m_CorrespondingSourceObject: {fileID: 3315859373630774682, guid: 60c1b12049dd3c44caed471ecb62cc4f,
    type: 3}
  m_PrefabInstance: {fileID: 5109013161695328994}
  m_PrefabAsset: {fileID: 0}
--- !u!1001 &5109013161887596637
PrefabInstance:
  m_ObjectHideFlags: 0
  serializedVersion: 2
  m_Modification:
    m_TransformParent: {fileID: 5109013160490853882}
    m_Modifications:
    - target: {fileID: 740910835392918176, guid: 366c741715ea9d344b1a0f1b9a5de06e,
        type: 3}
      propertyPath: m_Name
      value: chair (3)
      objectReference: {fileID: 0}
    - target: {fileID: 740910835392918178, guid: 366c741715ea9d344b1a0f1b9a5de06e,
        type: 3}
      propertyPath: m_LocalPosition.x
      value: 5.779
      objectReference: {fileID: 0}
    - target: {fileID: 740910835392918178, guid: 366c741715ea9d344b1a0f1b9a5de06e,
        type: 3}
      propertyPath: m_LocalPosition.y
      value: -1.2718713
      objectReference: {fileID: 0}
    - target: {fileID: 740910835392918178, guid: 366c741715ea9d344b1a0f1b9a5de06e,
        type: 3}
      propertyPath: m_LocalPosition.z
      value: 0
      objectReference: {fileID: 0}
    - target: {fileID: 740910835392918178, guid: 366c741715ea9d344b1a0f1b9a5de06e,
        type: 3}
      propertyPath: m_LocalRotation.x
      value: -0
      objectReference: {fileID: 0}
    - target: {fileID: 740910835392918178, guid: 366c741715ea9d344b1a0f1b9a5de06e,
        type: 3}
      propertyPath: m_LocalRotation.y
      value: -0
      objectReference: {fileID: 0}
    - target: {fileID: 740910835392918178, guid: 366c741715ea9d344b1a0f1b9a5de06e,
        type: 3}
      propertyPath: m_LocalRotation.z
      value: -0
      objectReference: {fileID: 0}
    - target: {fileID: 740910835392918178, guid: 366c741715ea9d344b1a0f1b9a5de06e,
        type: 3}
      propertyPath: m_LocalRotation.w
      value: 1
      objectReference: {fileID: 0}
    - target: {fileID: 740910835392918178, guid: 366c741715ea9d344b1a0f1b9a5de06e,
        type: 3}
      propertyPath: m_RootOrder
      value: 5
      objectReference: {fileID: 0}
    - target: {fileID: 740910835392918178, guid: 366c741715ea9d344b1a0f1b9a5de06e,
        type: 3}
      propertyPath: m_LocalEulerAnglesHint.x
      value: 0
      objectReference: {fileID: 0}
    - target: {fileID: 740910835392918178, guid: 366c741715ea9d344b1a0f1b9a5de06e,
        type: 3}
      propertyPath: m_LocalEulerAnglesHint.y
      value: 0
      objectReference: {fileID: 0}
    - target: {fileID: 740910835392918178, guid: 366c741715ea9d344b1a0f1b9a5de06e,
        type: 3}
      propertyPath: m_LocalEulerAnglesHint.z
      value: 0
      objectReference: {fileID: 0}
    m_RemovedComponents: []
  m_SourcePrefab: {fileID: 100100000, guid: 366c741715ea9d344b1a0f1b9a5de06e, type: 3}
--- !u!4 &5525602404240601855 stripped
Transform:
  m_CorrespondingSourceObject: {fileID: 740910835392918178, guid: 366c741715ea9d344b1a0f1b9a5de06e,
    type: 3}
  m_PrefabInstance: {fileID: 5109013161887596637}
  m_PrefabAsset: {fileID: 0}
--- !u!1001 &5109013161971710069
PrefabInstance:
  m_ObjectHideFlags: 0
  serializedVersion: 2
  m_Modification:
    m_TransformParent: {fileID: 5109013160490853882}
    m_Modifications:
    - target: {fileID: 3315859373630774680, guid: 60c1b12049dd3c44caed471ecb62cc4f,
        type: 3}
      propertyPath: m_Name
      value: small_chair
      objectReference: {fileID: 0}
    - target: {fileID: 3315859373630774682, guid: 60c1b12049dd3c44caed471ecb62cc4f,
        type: 3}
      propertyPath: m_LocalPosition.x
      value: -4.778591
      objectReference: {fileID: 0}
    - target: {fileID: 3315859373630774682, guid: 60c1b12049dd3c44caed471ecb62cc4f,
        type: 3}
      propertyPath: m_LocalPosition.y
      value: -0.46022558
      objectReference: {fileID: 0}
    - target: {fileID: 3315859373630774682, guid: 60c1b12049dd3c44caed471ecb62cc4f,
        type: 3}
      propertyPath: m_LocalPosition.z
      value: 0
      objectReference: {fileID: 0}
    - target: {fileID: 3315859373630774682, guid: 60c1b12049dd3c44caed471ecb62cc4f,
        type: 3}
      propertyPath: m_LocalRotation.x
      value: -0
      objectReference: {fileID: 0}
    - target: {fileID: 3315859373630774682, guid: 60c1b12049dd3c44caed471ecb62cc4f,
        type: 3}
      propertyPath: m_LocalRotation.y
      value: -0
      objectReference: {fileID: 0}
    - target: {fileID: 3315859373630774682, guid: 60c1b12049dd3c44caed471ecb62cc4f,
        type: 3}
      propertyPath: m_LocalRotation.z
      value: -0
      objectReference: {fileID: 0}
    - target: {fileID: 3315859373630774682, guid: 60c1b12049dd3c44caed471ecb62cc4f,
        type: 3}
      propertyPath: m_LocalRotation.w
      value: 1
      objectReference: {fileID: 0}
    - target: {fileID: 3315859373630774682, guid: 60c1b12049dd3c44caed471ecb62cc4f,
        type: 3}
      propertyPath: m_RootOrder
      value: 8
      objectReference: {fileID: 0}
    - target: {fileID: 3315859373630774682, guid: 60c1b12049dd3c44caed471ecb62cc4f,
        type: 3}
      propertyPath: m_LocalEulerAnglesHint.x
      value: 0
      objectReference: {fileID: 0}
    - target: {fileID: 3315859373630774682, guid: 60c1b12049dd3c44caed471ecb62cc4f,
        type: 3}
      propertyPath: m_LocalEulerAnglesHint.y
      value: 0
      objectReference: {fileID: 0}
    - target: {fileID: 3315859373630774682, guid: 60c1b12049dd3c44caed471ecb62cc4f,
        type: 3}
      propertyPath: m_LocalEulerAnglesHint.z
      value: 0
      objectReference: {fileID: 0}
    m_RemovedComponents: []
  m_SourcePrefab: {fileID: 100100000, guid: 60c1b12049dd3c44caed471ecb62cc4f, type: 3}
--- !u!4 &7557762479954535919 stripped
Transform:
  m_CorrespondingSourceObject: {fileID: 3315859373630774682, guid: 60c1b12049dd3c44caed471ecb62cc4f,
    type: 3}
  m_PrefabInstance: {fileID: 5109013161971710069}
  m_PrefabAsset: {fileID: 0}
--- !u!1001 &5109013162099566135
PrefabInstance:
  m_ObjectHideFlags: 0
  serializedVersion: 2
  m_Modification:
    m_TransformParent: {fileID: 5109013160490853882}
    m_Modifications:
    - target: {fileID: 923514051930234785, guid: a0f50e9707f69f44e902f504196f1764,
        type: 3}
      propertyPath: m_Name
      value: table
      objectReference: {fileID: 0}
    - target: {fileID: 923514051930234787, guid: a0f50e9707f69f44e902f504196f1764,
        type: 3}
      propertyPath: m_LocalPosition.x
      value: 3.893489
      objectReference: {fileID: 0}
    - target: {fileID: 923514051930234787, guid: a0f50e9707f69f44e902f504196f1764,
        type: 3}
      propertyPath: m_LocalPosition.y
      value: 3.856535
      objectReference: {fileID: 0}
    - target: {fileID: 923514051930234787, guid: a0f50e9707f69f44e902f504196f1764,
        type: 3}
      propertyPath: m_LocalPosition.z
      value: 0
      objectReference: {fileID: 0}
    - target: {fileID: 923514051930234787, guid: a0f50e9707f69f44e902f504196f1764,
        type: 3}
      propertyPath: m_LocalRotation.x
      value: -0
      objectReference: {fileID: 0}
    - target: {fileID: 923514051930234787, guid: a0f50e9707f69f44e902f504196f1764,
        type: 3}
      propertyPath: m_LocalRotation.y
      value: -0
      objectReference: {fileID: 0}
    - target: {fileID: 923514051930234787, guid: a0f50e9707f69f44e902f504196f1764,
        type: 3}
      propertyPath: m_LocalRotation.z
      value: -0
      objectReference: {fileID: 0}
    - target: {fileID: 923514051930234787, guid: a0f50e9707f69f44e902f504196f1764,
        type: 3}
      propertyPath: m_LocalRotation.w
      value: 1
      objectReference: {fileID: 0}
    - target: {fileID: 923514051930234787, guid: a0f50e9707f69f44e902f504196f1764,
        type: 3}
      propertyPath: m_RootOrder
      value: 14
      objectReference: {fileID: 0}
    - target: {fileID: 923514051930234787, guid: a0f50e9707f69f44e902f504196f1764,
        type: 3}
      propertyPath: m_LocalEulerAnglesHint.x
      value: 0
      objectReference: {fileID: 0}
    - target: {fileID: 923514051930234787, guid: a0f50e9707f69f44e902f504196f1764,
        type: 3}
      propertyPath: m_LocalEulerAnglesHint.y
      value: 0
      objectReference: {fileID: 0}
    - target: {fileID: 923514051930234787, guid: a0f50e9707f69f44e902f504196f1764,
        type: 3}
      propertyPath: m_LocalEulerAnglesHint.z
      value: 0
      objectReference: {fileID: 0}
    m_RemovedComponents: []
  m_SourcePrefab: {fileID: 100100000, guid: a0f50e9707f69f44e902f504196f1764, type: 3}
--- !u!4 &5347504788443462036 stripped
Transform:
  m_CorrespondingSourceObject: {fileID: 923514051930234787, guid: a0f50e9707f69f44e902f504196f1764,
    type: 3}
  m_PrefabInstance: {fileID: 5109013162099566135}
  m_PrefabAsset: {fileID: 0}
--- !u!1001 &5109013162111173635
PrefabInstance:
  m_ObjectHideFlags: 0
  serializedVersion: 2
  m_Modification:
    m_TransformParent: {fileID: 5109013160490853882}
    m_Modifications:
    - target: {fileID: 3315859373630774680, guid: 60c1b12049dd3c44caed471ecb62cc4f,
        type: 3}
      propertyPath: m_Name
      value: small_chair (2)
      objectReference: {fileID: 0}
    - target: {fileID: 3315859373630774682, guid: 60c1b12049dd3c44caed471ecb62cc4f,
        type: 3}
      propertyPath: m_LocalPosition.x
      value: -3.577
      objectReference: {fileID: 0}
    - target: {fileID: 3315859373630774682, guid: 60c1b12049dd3c44caed471ecb62cc4f,
        type: 3}
      propertyPath: m_LocalPosition.y
      value: -1.414
      objectReference: {fileID: 0}
    - target: {fileID: 3315859373630774682, guid: 60c1b12049dd3c44caed471ecb62cc4f,
        type: 3}
      propertyPath: m_LocalPosition.z
      value: 0
      objectReference: {fileID: 0}
    - target: {fileID: 3315859373630774682, guid: 60c1b12049dd3c44caed471ecb62cc4f,
        type: 3}
      propertyPath: m_LocalRotation.x
      value: -0
      objectReference: {fileID: 0}
    - target: {fileID: 3315859373630774682, guid: 60c1b12049dd3c44caed471ecb62cc4f,
        type: 3}
      propertyPath: m_LocalRotation.y
      value: -0
      objectReference: {fileID: 0}
    - target: {fileID: 3315859373630774682, guid: 60c1b12049dd3c44caed471ecb62cc4f,
        type: 3}
      propertyPath: m_LocalRotation.z
      value: -0
      objectReference: {fileID: 0}
    - target: {fileID: 3315859373630774682, guid: 60c1b12049dd3c44caed471ecb62cc4f,
        type: 3}
      propertyPath: m_LocalRotation.w
      value: 1
      objectReference: {fileID: 0}
    - target: {fileID: 3315859373630774682, guid: 60c1b12049dd3c44caed471ecb62cc4f,
        type: 3}
      propertyPath: m_RootOrder
      value: 2
      objectReference: {fileID: 0}
    - target: {fileID: 3315859373630774682, guid: 60c1b12049dd3c44caed471ecb62cc4f,
        type: 3}
      propertyPath: m_LocalEulerAnglesHint.x
      value: 0
      objectReference: {fileID: 0}
    - target: {fileID: 3315859373630774682, guid: 60c1b12049dd3c44caed471ecb62cc4f,
        type: 3}
      propertyPath: m_LocalEulerAnglesHint.y
      value: 0
      objectReference: {fileID: 0}
    - target: {fileID: 3315859373630774682, guid: 60c1b12049dd3c44caed471ecb62cc4f,
        type: 3}
      propertyPath: m_LocalEulerAnglesHint.z
      value: 0
      objectReference: {fileID: 0}
    m_RemovedComponents: []
  m_SourcePrefab: {fileID: 100100000, guid: 60c1b12049dd3c44caed471ecb62cc4f, type: 3}
--- !u!4 &7557762479813024153 stripped
Transform:
  m_CorrespondingSourceObject: {fileID: 3315859373630774682, guid: 60c1b12049dd3c44caed471ecb62cc4f,
    type: 3}
  m_PrefabInstance: {fileID: 5109013162111173635}
  m_PrefabAsset: {fileID: 0}
--- !u!1001 &5109013162156992011
PrefabInstance:
  m_ObjectHideFlags: 0
  serializedVersion: 2
  m_Modification:
    m_TransformParent: {fileID: 5109013160490853882}
    m_Modifications:
    - target: {fileID: 3315859373630774680, guid: 60c1b12049dd3c44caed471ecb62cc4f,
        type: 3}
      propertyPath: m_Name
      value: small_chair (1)
      objectReference: {fileID: 0}
    - target: {fileID: 3315859373630774682, guid: 60c1b12049dd3c44caed471ecb62cc4f,
        type: 3}
      propertyPath: m_LocalPosition.x
      value: -4.778591
      objectReference: {fileID: 0}
    - target: {fileID: 3315859373630774682, guid: 60c1b12049dd3c44caed471ecb62cc4f,
        type: 3}
      propertyPath: m_LocalPosition.y
      value: -2.23
      objectReference: {fileID: 0}
    - target: {fileID: 3315859373630774682, guid: 60c1b12049dd3c44caed471ecb62cc4f,
        type: 3}
      propertyPath: m_LocalPosition.z
      value: 0
      objectReference: {fileID: 0}
    - target: {fileID: 3315859373630774682, guid: 60c1b12049dd3c44caed471ecb62cc4f,
        type: 3}
      propertyPath: m_LocalRotation.x
      value: -0
      objectReference: {fileID: 0}
    - target: {fileID: 3315859373630774682, guid: 60c1b12049dd3c44caed471ecb62cc4f,
        type: 3}
      propertyPath: m_LocalRotation.y
      value: -0
      objectReference: {fileID: 0}
    - target: {fileID: 3315859373630774682, guid: 60c1b12049dd3c44caed471ecb62cc4f,
        type: 3}
      propertyPath: m_LocalRotation.z
      value: -0
      objectReference: {fileID: 0}
    - target: {fileID: 3315859373630774682, guid: 60c1b12049dd3c44caed471ecb62cc4f,
        type: 3}
      propertyPath: m_LocalRotation.w
      value: 1
      objectReference: {fileID: 0}
    - target: {fileID: 3315859373630774682, guid: 60c1b12049dd3c44caed471ecb62cc4f,
        type: 3}
      propertyPath: m_RootOrder
      value: 1
      objectReference: {fileID: 0}
    - target: {fileID: 3315859373630774682, guid: 60c1b12049dd3c44caed471ecb62cc4f,
        type: 3}
      propertyPath: m_LocalEulerAnglesHint.x
      value: 0
      objectReference: {fileID: 0}
    - target: {fileID: 3315859373630774682, guid: 60c1b12049dd3c44caed471ecb62cc4f,
        type: 3}
      propertyPath: m_LocalEulerAnglesHint.y
      value: 0
      objectReference: {fileID: 0}
    - target: {fileID: 3315859373630774682, guid: 60c1b12049dd3c44caed471ecb62cc4f,
        type: 3}
      propertyPath: m_LocalEulerAnglesHint.z
      value: 0
      objectReference: {fileID: 0}
    m_RemovedComponents: []
  m_SourcePrefab: {fileID: 100100000, guid: 60c1b12049dd3c44caed471ecb62cc4f, type: 3}
--- !u!4 &7557762479799991185 stripped
Transform:
  m_CorrespondingSourceObject: {fileID: 3315859373630774682, guid: 60c1b12049dd3c44caed471ecb62cc4f,
    type: 3}
  m_PrefabInstance: {fileID: 5109013162156992011}
  m_PrefabAsset: {fileID: 0}
